2166 3834
120 259 149 308 s.
167 257 248 306 cao.
333 253 404 302 urs.
431 253 482 302 111.
533 253 611 300 cnr.
638 229 807 300 28.-3o.
921 235 991 304 lla

119 411 219 487 riguis
237 427 306 468 oum
321 391 430 467 vilrieo
444 397 538 467 leiior
548 409 741 476 necessitudo,
761 426 847 484 quarn
867 425 925 468 aro
944 411 992 468 ad·

118 527 239 568 versum
273 515 420 582 nepotem.
471 507 597 566 Additur
630 508 831 576 pontificatus,
864 515 903 576 et,
936 526 993 583 quo

118 609 246 684 primum
270 607 431 666 diciorum
456 607 600 682 ingressus
625 614 679 674 est,
700 607 880 680 congiarium
904 607 993 680 plebi,

120 709 277 766 admodum
293 710 398 774 melae,
418 707 493 780 quod
505 706 676 764 Germanici
690 706 808 779 stirpem
829 706 888 764 iam
907 707 993 778 pube

121 825 181 864 rem
205 805 398 878 allspiciebct.
442 808 570 863 Auclum
590 806 698 862 dehinc
720 806 865 878 gaudium,
885 805 992 878 nuptiis

121 906 253 964 Neronis
268 912 298 962 et
314 905 417 970 iuliae,
434 905 520 962 Drusi
545 905 633 962 lilino.
662 907 775 979 Atque
789 902 994 962 lucescendo

117 1021 243 1071 mucre,
269 1005 310 1062 ila
342 1004 474 1060 adversis
508 1004 614 1060 animis
639 1010 802 1076 acceptum,
825 1005 902 1078 quod
933 1005 994 1062 filio

98 1104 242 1162 ‘claudii
256 1121 340 1159 socer
362 1103 486 1178 Seianus
509 1103 711 1161 destinaretur.
734 1103 870 1174 polluisse
893 1103 994 1162 nobili·

120 1207 213 1261 tatem
228 1203 357 1261 familiae
375 1203 537 1266 videbatur,
561 1207 783 1276 suspectumque
804 1203 863 1260 iam
885 1203 993 1260 nimiae

120 1303 185 1376 spei
200 1302 341 1359 Seianum
358 1304 431 1358 ullra
445 1303 595 1358 extulisse.
638 1301 714 1360 Fine
729 1302 800 1360 anni
821 1319 992 1360 concessere
1003 1298 1045 1358 30

120 1401 186 1458 vita
197 1401 328 1474 insignes
344 1399 410 1466 viri,
425 1402 460 1458 L.
475 1401 623 1466 Volusius,
637 1407 666 1457 el
694 1403 848 1458 Sallustius
863 1401 992 1474 Crispus.

117 1500 250 1572 Volusio
266 1499 482 1567 verosimilia,
498 1517 591 1572 neque
606 1504 703 1558 lamen
720 1502 885 1560 Praeturam
899 1519 994 1576 egres·

120 1615 172 1658 sa:
194 1600 258 1671 ipse
273 1600 464 1657 Consulatum
478 1599 586 1666 intulit,
599 1599 739 1658 Censorio
749 1603 838 1662 etiam
850 1609 994 1675 polertalc

12 1725 16 1731 ·
119 1697 268 1771 legendis.
286 1697 423 1771 Equilum
447 1697 573 1754 decuriis
595 1697 720 1764 iunctus,
747 1719 901 1776 opumque,
929 1701 993 1777 quis

122 1798 226 1855 domus
255 1797 308 1853 illa
334 1796 500 1854 inmensum
523 1795 625 1876 uiguit,
653 1799 760 1870 primun
784 1801 992 1858 adcumulator.

123 1894 270 1966 Crispum,
295 1895 432 1969 Equestri
453 1902 546 1954 ortum
562 1899 637 1963 loco,
652 1897 687 1954 G.
712 1899 875 1968 Sallustius,
899 1917 994 1960 rerum
1028 1911 1049 1950 ν’

77 2060 81 2065 ,
124 1993 322 2066 Romanarum
347 1993 566 2052 florentissimus
590 1999 700 2061 auctor,
724 1999 830 2054 sororis
856 2007 994 2072 copulem
1036 1980 1043 1991 ’
1075 2045 1076 2048 ,

122 2091 154 2150 iu
180 2111 288 2150 nomeu
312 2093 448 2160 adscivit,
469 2099 555 2167 atque
577 2093 637 2160 ille,
662 2113 833 2170 quamquam
862 2102 993 2168 prompto

120 2193 159 2248 ad
171 2193 512 2264 capessemlossbonores
537 2183 626 2258 aditu,
650 2193 855 2250 Maeceualem
869 2197 993 2252 aemula·

123 2288 263 2362 tassice
290 2291 434 2364 dignitate
464 2291 628 2360 Senatorio,
645 2294 751 2348 mullos
778 2292 994 2364 triumphalium

120 2388 374 2464 consulariumque
389 2372 520 2463 pcieutia
540 2391 664 2447 auleiit:
686 2390 847 2448 diversusa
862 2397 993 2450 veterum

122 2488 270 2554 instituto,
284 2507 336 2560 per
359 2490 469 2546 cultum
483 2495 514 2546 el
537 2490 713 2560 munditiasr
734 2489 875 2565 copiaque
897 2497 927 2548 et
945 2493 994 2549 ad·

122 2586 246 2645 fluentia
274 2589 344 2644 luxu
373 2589 505 2661 propior:
527 2591 642 2646 suberat
667 2595 764 2646 lamen
788 2589 870 2664 vigor
894 2591 993 2660 animi,

121 2685 293 2759 ingentibus
316 2687 442 2759 negotiis
464 2705 523 2759 par,
543 2706 580 2744 eo
603 2687 706 2754 acrior,
730 2707 786 2761 quo
811 2706 943 2748 somnum
963 2695 994 2750 et

122 2783 260 2843 inertiam
275 2783 366 2857 magis
379 2789 554 2842 ostentabat.
597 2788 697 2861 lgilur‚
712 2787 852 2846 incolumi
877 2789 994 2848 Maece·

123 2889 203 2950 uate,
218 2883 384 2954 proximus3
405 2901 474 2942 mox
498 2885 678 2958 praecipuus,
702 2887 750 2946 cui
773 2896 885 2946 secreta
900 2891 994 2963 lmpe·

123 2987 251 3038 rarorum
264 2981 467 3049 inniterentur,
480 2989 510 3040 et
524 2983 718 3042 interficiendi
744 2987 873 3045 Postumi
890 2987 993 3062 Agrip·

123 3096 180 3153 pue
207 3081 352 3148 conscius,
381 3085 479 3138 aetate
506 3091 655 3156 prouecta,
683 3084 812 3158 speciem
842 3087 933 3160 magis
960 3085 993 3144 iu

122 3177 256 3234 amicitia
300 3178 456 3251 Principis,
488 3197 574 3256 quam
597 3181 669 3250 ¹vim
703 3183 806 3249 tenuit,
842 3184 929 3259 idque
962 3187 993 3240 el

124 3277 297 3341 Maecenati
329 3282 496 3355 accideral3
523 3285 584 3343 lato
610 3285 768 3370 potentiae,
796 3304 860 3347 raro
887 3283 992 3356 sempi-

123 3509 136 3542 e
154 3436 238 3542 [3131ng
270 3436 393 3498 Proluxui,
403 3439 501 3501 aurique.
514 3437 559 3484 vid.
576 3437 641 3485 Voss.
652 3438 682 3484 de
697 3435 819 3494 aualow,
833 3435 866 3480 ld.
882 3432 916 3479 Ol.
935 3430 992 3478 iulra
1075 3455 1076 3484 ς

165 3593 239 3636 voc.
261 3595 284 3634 r.
601 3577 639 3629 13
698 3567 702 3574 ’
