2134 3826
98 218 148 288 86
197 205 229 326 ι’
414 243 598 294 ιιιιιιιιιιιι
827 247 858 296 ιι.
874 245 905 295 v.
920 249 971 296 ror.

98 394 153 454 rim
177 392 323 454 Libonem
347 401 432 456 oront
459 404 601 472 praetura,
624 395 812 458 convictibus
838 400 970 468 adhibet,

98 511 160 552 noa
187 496 269 555 vultu
292 495 447 564 alienatur,
473 515 533 556 non
561 496 659 554 verbis
686 497 860 556 commotior
884 495 973 574 (adeo

100 591 174 652 iram
188 591 374 672 condiderat)
394 599 557 669 cunctaque
570 594 634 652 eius
653 594 734 654 dicta
747 596 893 670 iactaque,
907 614 976 654 oum

100 692 253 767 probibere
265 698 370 765 porat,
378 693 455 750 scire
467 695 612 752 malebat:
626 695 721 752 donec
734 694 836 752 lunius
845 696 975 768 quidam,

99 795 237 858 tentatus,
257 797 289 848 ut
308 791 437 854 internae
457 793 571 856 umbras
590 791 768 850 carminibus
782 792 914 860 eliceret,
934 795 973 852 ad

100 889 268 948 Fulcinium
292 880 435 948 Trionem
454 890 597 948 indicium
619 891 734 950 detulit.
755 892 873 948 celebre
894 891 974 948 inter

100 995 285 1046 socumtores
300 988 421 1046 Trionis
435 988 586 1062 ingenium
600 994 673 1057 erat,
686 989 863 1064 avidumque
877 989 974 1048 lemno

100 1088 204 1146 maine.
247 1087 353 1147 Statim
367 1087 486 1162 corripit
499 1104 589 1157 mum,
602 1087 665 1144 adit
677 1088 830 1154 Consules,
845 1075 973 1146 Senatus

100 1185 300 1260 cognitionem
321 1186 433 1259 poscit:
459 1191 490 1243 et
503 1193 647 1244 vocantur
661 1186 773 1250 Patres,
787 1186 896 1254 addito,
910 1203 974 1244 oon·

50 1280 262 1340 damnandam
285 1301 369 1360 nuper
386 1301 416 1340 re
437 1301 546 1359 nrugrrn
567 1291 593 1341 et
616 1281 713 1341 atrum
755 1283 832 1342 Libo
845 1284 974 1353 interim,

101 1388 186 1440 veste
200 1387 319 1448 munta
339 1399 406 1440 oum
428 1381 598 1455 primoribus
619 1382 735 1440 leminis
755 1382 911 1440 circumire
924 1385 976 1440 do·

101 1494 174 1547 mor,
184 1497 266 1538 orare
280 1481 401 1550 adfinem
416 1498 520 1540 vocem
531 1482 685 1540 adversum
699 1480 830 1554 pericula
843 1498 976 1553 poscere,

102 1579 296 1637 abnuentibus
329 1582 455 1649 eunctis,
488 1599 555 1640 cum
588 1581 724 1638 diversa.
741 1583 977 1653 praetenderent,
1058 1591 1059 1658 l

77 1696 79 1707 ’
102 1678 206 1736 eodem
227 1678 391 1738 formidine.
416 1681 465 1738 die
490 1685 618 1749 secatus,
640 1685 718 1737 metu
740 1683 771 1735 ei
792 1679 976 1753 aegritudine
1058 1707 1059 1710 ¹

102 1777 202 1847 torua,
226 1779 301 1844 sive,
324 1784 355 1836 at
381 1779 525 1837 tradidere
552 1779 679 1854 quidam,
705 1777 842 1835 simulato
866 1779 977 1845 morbo,

102 1874 210 1932 lectica
230 1877 344 1932 delatus
362 1878 398 1934 ad
423 1877 498 1934 iores
521 1877 630 1944 curiae,
654 1876 825 1950 innisusque
838 1877 932 1945 fratri,
945 1881 977 1934 et
1058 1899 1059 1910 ¹

82 1991 84 2009 ³
103 1989 206 2034 manus
220 1991 255 2030 ac
269 1973 414 2047 supplices
430 1993 520 2034 voces
540 1977 576 2032 ad
599 1975 752 2039 Tiberium
774 1977 910 2044 tendens,
924 1976 977 2034 im·

102 2076 183 2130 moto
196 2071 258 2130 eins
279 2075 361 2130 vultu
386 2075 540 2145 excipitur.
564 2091 632 2130 mox
654 2073 768 2130 libellos
786 2079 818 2130 et
838 2079 975 2132 auctores

102 2171 209 2232 recitat
220 2175 338 2241 Caesar,
351 2173 393 2230 ita
405 2174 568 2240 moderans,
583 2189 621 2230 ce
633 2171 736 2238 lenire,
750 2189 827 2228 neve
839 2189 976 2244 asperare

52 2271 227 2336 brennica
253 2274 410 2332 videretur.
451 2272 659 2339 Accesserant,
687 2275 814 2343 praeter,
829 2270 975 2330 Trionem

103 2377 135 2436 ei
147 2376 252 2434 Gutum
263 2378 458 2436 accusatores,
470 2370 610 2428 Fonteius
622 2369 756 2442 ¹Agrippa
765 2373 795 2424 et
807 2368 843 2426 G.
857 2368 975 2438 Vibius,

103 2476 323 2547 certabantque,
337 2471 386 2530 oui
406 2469 451 2528 ius
465 2449 618 2542 perorandi
631 2467 663 2526 iu
676 2483 755 2524 reum
766 2468 901 2524 daretur:
926 2469 975 2526 do·
1058 2483 1059 2534 j

102 2588 161 2632 nec
179 2570 295 2635 Vibius,
317 2569 385 2642 quia
406 2583 462 2626 neo
483 2567 538 2639 ipsi
558 2566 635 2624 inter
659 2583 690 2621 se
712 2565 921 2634 concederent,
944 2568 975 2622 et

104 2669 181 2732 Libo
191 2668 255 2726 sine
266 2674 386 2740 patrona
397 2665 553 2731 introisset,
566 2661 738 2738 singillatim
748 2680 781 2718 se
789 2661 915 2720 crimina
926 2664 976 2720 ob·
1013 2723 1017 2729 ,

104 2768 246 2826 recturum
266 2765 416 2838 professus,
439 2763 556 2836 protulit
583 2763 706 2830 libellos,
728 2747 870 2818 vecordes
892 2763 975 2830 adem
1058 2743 1059 2780 ¹

104 2871 137 2925 ut
158 2863 367 2922 consultaverit
389 2864 474 2928 Libo,
494 2877 542 2934 an&
554 2857 702 2918 badim
713 2857 796 2937 soret
819 2875 892 2934 opes,
910 2856 974 2935 quis

103 2961 178 3022 dam
191 2959 312 3039 Appiam
335 2957 519 3018 Brundisinae
537 2975 624 3034 usquc
639 2955 760 3034 aarum
784 2955 911 3032 operiret.
932 2958 974 3016 iu·

105 3067 187 3120 erant
202 3069 232 3116 et
252 3061 310 3118 alia
329 3054 974 3137 huiuscemodi,„—st‘oiida,vanaw:ffi)leiuj

104 3159 445 3246 &fifideffiizFQE‘ii-
487 3155 549 3212 Vni
565 3163 661 3212 tamen
677 3154 779 3212 libello
790 3173 876 3212 uranu
888 3155 976 3212 Libo·

104 3255 151 3312 nis
166 3255 329 3313 nominibus
344 3254 500 3310 Caesarum
520 3258 567 3308 out
588 3260 751 3310 senatorum
772 3253 886 3310 additas
901 3259 974 3311 atro·

104 3368 154 3409 eea
166 3354 215 3409 vel
227 3353 357 3408 occultas
371 3357 464 3413 notas,
479 3356 631 3406 accusator
644 3351 792 3424 arguebat.
835 3351 974 3424 Negante

102 3463 163 3517 reo,
189 3453 381 3526 cramaculos
413 3461 513 3504 servos
545 3463 597 3518 per
628 3449 772 3506 tormenta
799 3447 974 3525 interrogari
