2186 3850
105 197 177 266 378
426 221 609 268 aunanrvu
692 217 697 227 ·
822 227 850 272 a.
868 223 967 288 usse.

102 377 290 444 spectaretur.
352 374 511 443 Tiridates,
535 372 679 448 ‘vergente
704 374 764 434 inm
784 376 843 444 dis,
869 379 966 450 prccul

103 473 226 540 adstitit,
254 474 330 530 unde
358 473 452 530 videri
484 474 584 547 magis,
614 491 701 548 quens
734 475 828 531 audiri
863 482 961 548 posset.

38 569 41 576 ’
93 571 160 638 lte,
178 572 242 628 sine
255 587 420 645 congressu,
445 573 513 630 Dux
540 573 688 630 Romanus
711 574 881 630 abscedere
897 573 966 631 mili·

49 659 91 722 su
104 673 170 738 lem,
184 687 235 726 sua
249 687 390 745 quemque
409 670 441 728 in
454 676 558 737 castra,
579 671 668 726 iubet.
709 671 785 737 Rea,
809 673 878 728 sive
897 673 967 730 trau·

101 769 169 826 dem
182 775 361 840 suspectans,
374 769 441 844 quia
461 771 540 842 ptura
554 769 638 826 simul
652 769 684 825 in
695 771 760 826 loca
773 769 881 836 ibatur,
895 771 966 839 sive,

102 875 133 924 ut
147 873 324 926 commestus
346 873 457 926 nostros
471 869 596 924 Pontico
623 867 695 924 mari
716 885 753 924 ac
777 868 966 941 Tnpenunte
1072 925 1073 950 ¹

102 967 210 1040 oppido
235 969 438 1034 adventantes,
464 967 660 1040 immineret,
687 983 808 1039 propere
831 967 965 1026 discedit.

104 1066 165 1124 Sed
189 1083 283 1139 neque
309 1065 518 1124 commeatibus
549 1065 609 1121 vim
633 1066 728 1122 tacere
762 1066 868 1138 potuit,
901 1067 967 1140 quin

102 1183 154 1239 per
178 1173 291 1222 montes
311 1167 498 1230 ducebantur,
519 1164 671 1237 praesidiis
695 1163 800 1220 uostris
824 1164 968 1222 insessos:

102 1269 133 1322 et
161 1265 296 1332 Corbulo,
329 1283 366 1322 uc
400 1264 519 1321 inritum
544 1265 653 1320 bellum
679 1263 850 1330 treberetur,
877 1271 965 1338 ¹ntrprre

103 1363 260 1421 Armenios
292 1365 329 1420 ad
356 1380 407 1420 sua
432 1363 615 1420 defendenda
642 1369 769 1434 cogeret,
790 1362 964 1420 exscindere

89 1469 183 1534 parat
209 1464 340 1518 castella.
390 1461 517 1534 Sibique,
541 1461 616 1534 quod
639 1459 850 1516 validissimum
875 1462 906 1517 in
929 1477 963 1518 es

101 1559 295 1625 Praefectura,
320 1567 517 1632 cognomento
546 1555 714 1624 Volandum,
740 1559 846 1627 sumit;
876 1559 963 1616 mino·

89 1675 132 1716 'sa
147 1657 284 1714 Cornelio
297 1657 408 1714 Flacco
422 1660 544 1732 Legato,
563 1665 593 1714 cl
609 1655 719 1714 Insteio
733 1657 883 1730 Capitoni,
901 1675 960 1716 cas·
1072 1723 1073 1732 χ

100 1763 206 1816 trorum
239 1757 401 1826 Praefecto,
433 1760 561 1815 mundat.
622 1755 711 1822 Tum,
745 1749 961 1828 circumspectis

100 1859 295 1928 munimentis,
310 1865 339 1916 el
359 1875 432 1934 quae
454 1855 666 1932 expugnationi
692 1855 807 1923 idonea,
832 1857 961 1929 provisis,

90 1961 230 2018 ¹bortatur
244 1960 360 2024 milites,
380 1965 430 2015 ‘ut
454 1959 567 2018 bostem
581 1971 697 2028 vagum,
719 1971 813 2028 neque
827 1956 893 2028 paci
913 1961 961 2012 aut

19 2063 20 2068 ’
101 2061 234 2133 ‘praetio
254 2063 391 2132 peretum,
411 2057 461 2114 sed
486 2054 636 2129 perfidiam
661 2061 692 2109 et
718 2053 868 2126 ignaviam
895 2053 960 2127 luga

99 2159 319 2226 ‘confitentem
343 2161 484 2213 exuerent
509 2154 635 2218 sedibus,
663 2152 828 2225 gloriaeque
856 2153 959 2225 pariter

100 2263 150 2314 ‘et
175 2259 299 2331 praedae
322 2251 526 2314 consulerent?
568 2251 656 2316 Turn,
681 2251 888 2324 quadripartito
910 2269 959 2308 ex·
1072 2237 1073 2240 ¹

99 2357 202 2424 ercitu‚
229 2359 283 2414 bns
307 2355 338 2412 in
367 2355 542 2411 testudinem
571 2352 770 2424 conglobatos,
798 2353 959 2420 subruendo

100 2457 314 2518 vatloinducit,
328 2455 400 2511 alios
413 2452 679 2510 scetes'moenibus
700 2451 867 2516 admovere,
891 2451 960 2508 mul·
1072 2527 1073 2530 Ἴ

99 2560 144 2612 tos
159 2555 307 2612 tormentis
322 2554 399 2620 taces
412 2560 442 2608 et
456 2553 557 2608 hastas
575 2551 706 2606 incutere
729 2548 819 2604 iubet.
861 2547 958 2624 Libra·

99 2655 207 2712 toribus
227 2654 471 2726 funditoribusque
494 2649 653 2707 adtributus
675 2649 765 2713 loeus,
789 2647 866 2704 unde
890 2647 957 2704 erni·
1072 2663 1073 2716 j

100 2772 153 2812 nus
174 2756 295 2828 glandes
320 2755 498 2826 torquerent;
520 2767 557 2806 ne
581 2753 637 2824 qtte
661 2764 724 2819 pars
738 2745 895 2804 subsidium
921 2748 959 2804 le·
1072 2741 1073 2760 ¹

99 2853 266 2910 meantibus
280 2852 375 2917 terret,
396 2849 457 2922 pari
476 2848 600 2922 undique
622 2851 708 2903 motu.
751 2843 867 2900 Tantus
891 2845 959 2902 inde

99 2953 183 3009 ardor
206 2948 344 3008 certantis
368 2947 514 3004 exercitus
536 2947 599 3012 luit,
612 2952 643 3002 ut
663 2943 738 3000 intra
756 2941 877 3000 'tertiam
898 2943 959 3004 dici
1072 2981 1073 3002 r

99 3059 210 3126 partem
237 3047 336 3106 nudati
361 3047 616 3118 propugnatoribus
644 3041 725 3108 muri,
746 3041 846 3097 obices
868 3048 960 3114 porta·
1072 3051 1073 3068 ³

98 3167 158 3205 rum
180 3145 319 3208 subversi,
340 3152 426 3214 capris
449 3159 571 3200 escensu
593 3143 781 3208 munimenta,
802 3160 959 3217 omnesque

96 3249 217 3314 puberes
240 3241 372 3298 trucidati
395 3239 462 3306 sint,
486 3242 568 3296 nullo
594 3242 687 3298 milite
714 3244 831 3311 amisso,
858 3244 959 3316 paucis

94 3341 247 3394 admodum
272 3335 436 3392 vulneratis.
465 3341 496 3390 et
524 3337 642 3394 imbelle
669 3344 772 3414 vulgus
797 3343 850 3398 sub
877 3359 960 3398 coro·

87 3449 131 3495 ns
158 3435 373 3493 venundatum:
399 3431 508 3504 reliqua
536 3438 643 3506 praede
672 3439 833 3501 victoribus
859 3439 958 3498 cessit.
