2134 3826
130 217 162 268 u.
178 217 208 266 c.
226 221 263 267 rr.
332 219 402 266 nm.
428 219 451 267 1.
501 217 584 268 cnr.
609 195 668 268 27.
694 199 753 268 28.
779 197 838 268 29.
956 193 1006 266 29

131 373 272 440 tionibus,
293 375 436 434 custodiis
463 381 608 450 portorum
622 395 654 434 se
680 376 821 441 inserunt,
834 391 915 450 rpem
937 373 1006 432 olie-

133 481 209 542 rnnl,
230 481 343 558 metum
363 476 529 533 intendunt.
563 477 736 550 ‘Quousque
764 475 855 533 filium
879 475 1008 548 imperu-

133 575 222 631 ‘toris
244 572 471 632 obsidebimus?
503 576 566 650 quis
596 576 789 634 oerluminrrm
816 572 904 631 finis?
937 573 1005 630 l’er·

133 675 301 730 ‘eennione
316 679 347 730 et
361 674 513 731 Vibuleno
534 680 746 732 nocumentum
770 673 877 730 ‹lieluri
889 669 1007 729 sumus?

134 772 341 830 ‘Percennius
362 778 393 829 et
406 773 571 831 Vibulenus
584 773 732 846 stipendio
754 772 903 838 militibus,
924 787 1007 844 egros

134 871 284 930 ‘emeritis
319 870 501 946 largientur?
530 873 667 948 denique,
702 889 753 945 pro
782 870 949 928 Neronibus
977 875 1007 926 et

134 973 269 1041 ‘Drrrsie,
290 973 445 1046 imperium
455 974 552 1046 populi
572 974 657 1030 Rom.
678 969 854 1046 capessent?
875 971 944 1046 quin
959 987 1007 1044 po·

135 1073 220 1139 ‘lius‚
244 1079 277 1130 ut
293 1072 447 1130 novissimi
459 1072 490 1130 in
512 1073 693 1147 culpemini
708 1071 792 1147 primi
805 1073 842 1128 ud
857 1071 1008 1144 poeniten·

135 1172 226 1230 ‘tium
240 1176 357 1228 sumus!
384 1171 485 1228 Turdo
502 1179 579 1238 sunt,
593 1191 666 1248 quse
691 1173 722 1229 in
736 1188 891 1230 commone
904 1188 1008 1244 expos·

134 1273 301 1330 ‘tulunlurz
323 1271 468 1344 privatum
487 1272 610 1344 gretiam
633 1271 732 1328 stetim
752 1287 890 1338 mereare,
908 1271 1007 1328 stetim

134 1368 301 1444 ‘recipias’
342 1371 504 1428 commotis
531 1387 582 1443 per
606 1371 681 1428 lineo
708 1370 862 1437 mentibus.
886 1375 916 1426 et
930 1370 1008 1426 inter

134 1487 166 1526 se
179 1469 337 1542 suspectis,
351 1469 474 1526 tironem
485 1487 506 1535 u
518 1476 668 1536 veterano,
682 1469 826 1544 legionem
850 1485 868 1526 e
890 1470 1007 1544 legione

133 1569 305 1628 dissociant.
348 1568 429 1626 'l'um
457 1569 550 1626 redire
576 1569 726 1641 paullatim
752 1587 833 1626 emor
856 1567 1007 1644 obsequii:

134 1669 275 1726 omittunt
308 1672 430 1740 purten
449 1667 543 1743 signe,
566 1685 655 1726 unurn
681 1668 712 1726 in
740 1671 836 1726 looum
862 1667 1008 1742 principio

134 1767 289 1826 seditionis
300 1772 486 1841 congregato,
500 1785 566 1824 suos
577 1767 607 1824 in
621 1769 705 1825 sedes
720 1769 856 1826 relernnt.
886 1769 1007 1832 Drusus,
1018 1773 1047 1836 2!

135 1873 198 1926 orto
209 1867 259 1926 die
273 1872 304 1924 el
320 1873 424 1924 vonaln
438 1868 595 1934 concione,
605 1885 776 1943 quemquem
787 1868 864 1926 rudis
878 1867 1008 1934 dicendi,

136 1968 293 2026 nobilitate
315 1965 459 2038 ingenite,
485 1966 601 2024 inuosul
631 1967 734 2040 priore,
748 1970 851 2041 probel
875 1985 1011 2042 proesen-

135 2067 193 2124 tis:
226 2073 316 2139 neget
337 2073 390 2122 ‘se
417 2073 524 2124 terrore
551 2073 582 2124 el
605 2066 693 2124 minin
720 2067 802 2124 rinei
822 2087 828 2123 :
850 2067 942 2124 flexos
970 2065 1008 2122 erl

135 2166 331 2224 ‘modestiam
345 2165 370 2222 si
386 2165 495 2234 videet,
507 2165 533 2222 ri
547 2167 693 2240 snppliees
707 2167 815 2232 audiat,
835 2167 1008 2239 scriniorum

136 2267 242 2341 ‘putri
279 2271 311 2324 ut
351 2269 487 2340 plueulus
519 2267 667 2342 legionum
701 2283 803 2340 preuer
836 2263 1008 2338 exciperet?

136 2367 296 2432 orantibus,
324 2383 434 2424 rursum
460 2366 539 2424 idem
571 2368 704 2433 Blaesus,
730 2371 761 2422 et
793 2365 830 2423 L.
860 2363 1008 2438 Apronius

136 2483 226 2539 eques
254 2467 404 2522 Romanus
431 2485 448 2522 e
474 2467 595 2524 uolrorle
626 2465 724 2531 Drusi,
746 2465 897 2538 iustusque
922 2465 1008 2522 Gulo-

137 2564 212 2632 nius,
240 2564 327 2638 primi
339 2564 450 2622 ordinis
474 2564 617 2631 eenturio,
645 2565 683 2620 erl
711 2563 866 2622 Tiberium
890 2565 1007 2622 mittun·

137 2667 191 2720 tur.
232 2665 384 2721 Certatum
405 2663 475 2724 inde
495 2663 660 2731 sententiis,
672 2681 739 2722 oum
753 2665 813 2731 ulii,
836 2664 1008 2738 ‘opperien-

136 2764 206 2820 ‘dos
221 2765 332 2836 legatos
354 2769 440 2838 etque
464 2763 582 2820 interim
606 2764 745 2822 comitutu
769 2765 1008 2838 permulcendum

139 2860 301 2928 ‘militem'
315 2868 487 2919 censerent:
507 2861 569 2930 arii,
582 2862 761 2920 ‘fortioribus
774 2863 909 2920 remediis
922 2879 1011 2936 ugen-

139 2962 242 3018 ‘dorm
265 2961 338 3018 nibil
350 2961 381 3018 in
396 2964 486 3035 vulgo
500 2961 662 3020 modicum:
682 2943 800 3027 terrere,
813 2961 845 3018 ni
863 2966 1008 3036 pareunt:

137 3061 207 3118 ‘nbi
231 3060 443 3133 pertimuerint,
456 3049 574 3132 luipone
595 3060 855 3119 contemniz'dum
874 3060 1010 3131 supersti-

138 3160 200 3217 ‘tio
227 3165 339 3234 urgeat,
377 3159 560 3216 udiieienrlos
587 3177 625 3215 err
653 3161 729 3216 duos
760 3162 864 3221 metus,
889 3155 1012 3210 sublatis

142 3259 318 3316 ‘seditionis
331 3255 517 3315 unetoribos?
558 3257 726 3327 Promptum
748 3255 785 3308 srl
810 3251 956 3319 seperiora
969 3248 1013 3300 in·

101 3345 108 3362 ’
139 3358 259 3431 genium
274 3357 372 3414 Druso
386 3361 466 3412 erat:
487 3361 610 3411 vocatos
629 3351 812 3408 Vibulenum
835 3351 866 3398 et
890 3342 1014 3394 Peruen-

141 3456 222 3514 ntum
237 3454 365 3512 inter-lici
379 3453 468 3534 iubet.
510 3450 648 3508 Tradunt
662 3443 803 3518 plerique,
826 3437 903 3491 intro
923 3431 1016 3482 tuber-

178 3571 252 3612 vou.
272 3571 296 3610 r.
579 3539 622 3597 3*
