2186 3850
63 219 67 228 '
129 244 266 295 acas.
396 242 467 290 nm.
505 243 582 291 xru.
634 243 712 291 car.
739 224 797 291 42.
936 223 1006 291 381

77 475 81 484 1
134 404 169 458 et
186 402 341 457 multorum
352 397 419 456 odia
440 399 645 468 manicarent,
659 400 736 457 haud
748 405 846 456 tamen
860 397 924 455 sine
938 396 1015 454 invi·

135 501 192 558 dia
208 502 351 564 Senecae,
374 500 536 556 damnatur.
578 499 675 556 latuit
697 499 730 556 Ρ.
757 497 875 564 Suilius,
899 495 1014 569 imperi·

133 605 224 658 tante
240 599 365 656 Claudio
380 597 516 655 terribilis
530 615 565 655 ac
581 598 704 664 venalis,
719 603 749 654 et
771 597 929 654 mutatione
944 602 1015 653 tem·

137 717 254 775 porum,
294 717 361 766 non,
400 705 537 773 quantum
573 697 686 754 inimici
724 701 873 770 cuperent,
909 695 1014 752 (lemis-

137 817 209 869 aus3
240 797 345 873 quique
370 816 402 855 ae
429 805 585 856 nocentem
615 797 718 864 videri,
742 815 828 870 quam
853 796 1015 870 supplicem

138 899 254 956 mallet.
295 899 365 955 Eius
385 897 568 970 opprimendi
586 895 678 970 gratia
704 895 858 969 repetitum
880 895 1016 952 credeba-

140 1002 190 1055 tur
220 999 520 1063 Senatusconsultum‚
545 1013 697 1070 poenaque
722 994 846 1054 Cinciae
871 994 952 1068 legis,
967 995 1015 1052 ad·

140 1114 247 1154 versus
261 1115 321 1163 ens,
346 1095 395 1171 qui
415 1097 507 1168 pretio
521 1113 636 1153 caussas
650 1094 821 1151 oravissent.
838 1111 893 1150 nec
907 1093 1016 1150 Suilius

142 1203 246 1270 questu
262 1201 310 1252 ant
325 1195 547 1268 exprobratione
568 1193 741 1259 abstinebat,
756 1197 869 1266 praeter
878 1193 1017 1249 ferociam

142 1293 247 1360 animi,
262 1299 393 1350 extrema
408 1298 528 1350 senecta
544 1292 625 1359 liber,
636 1298 665 1348 et
679 1293 823 1349 Senecam
837 1291 993 1362 increpans
1009 1311 1017 1347 a

141 1393 307 1450 ‘intensum
346 1392 448 1448 aminis
486 1391 613 1457 Claudii,
647 1392 700 1447 sub
738 1408 794 1464 quo
828 1389 1016 1448 iustissimum

142 1481 303 1547 ‘exsilium
336 1489 510 1563 pertulisset.
566 1489 659 1547 Simul
683 1489 786 1547 studiis
817 1489 965 1557 inertibus,
986 1493 1018 1546 et

142 1589 307 1646 ‘iuvenum
335 1589 489 1661 inperitiae
512 1593 635 1657 suetum,
661 1585 754 1646 liuere
782 1589 837 1655 his,
864 1589 914 1664 qui
942 1588 1018 1646 vivi·

142 1689 230 1745 ‘dam
251 1694 282 1745 et
308 1688 503 1761 incorruptam
527 1688 722 1762 eloquentiam
760 1688 874 1745 tuendi·
902 1687 1018 1746 civibus

143 1791 347 1844 ‘exercerent
403 1787 443 1843 Se
479 1785 669 1858 Quaesturam
704 1786 892 1843 Germanici:
935 1786 1019 1842 illurn

95 1947 100 1952 ,
146 1887 270 1942 ‘domus
298 1885 360 1942 eius
389 1885 549 1941 adultemm
570 1883 667 1940 tuisse.
710 1883 759 1940 An
780 1883 896 1956 gravius
917 1883 1018 1939 existi·

99 2057 101 2064 Ι
144 1983 313 2049 ‘mendum
346 1987 450 2056 sponte
484 1981 639 2056 litigatoris
680 1981 838 2054 praemium
876 1981 1018 2038 honestae

148 2069 277 2155 ‘operae'
300 2081 429 2156 adsequi,
444 2097 530 2156 quam
550 2097 739 2153 conrumpere
754 2077 889 2135 cubicula
906 2078 1017 2138 Princi-

146 2189 236 2257 ‘pum
263 2179 458 2240 feminarum?
490 2181 555 2254 Qua
582 2179 736 2254 sapientia,
764 2179 867 2254 quibus
893 2179 1018 2252 philoso-

101 2261 104 2268 ’
149 2283 289 2356 ‘phorum
323 2279 496 2354 praeceptis,
535 2279 612 2337 intra
651 2277 873 2353 quadriennium
907 2277 1019 2352 Regiae

147 2379 326 2447 ‘amicitiae,
349 2383 393 2436 ter
424 2377 530 2436 millies
557 2377 721 2435 sestertium
747 2373 930 2451 paravisset?
962 2376 1019 2433 Ro

180 2559 324 2613 Quaesturam
333 2559 473 2621 Ouaunia]
506 2559 587 2608 Annal.
600 2559 640 2606 lV.
651 2561 688 2607 31.

182 2638 324 2686 Termillies
340 2639 478 2700 Sartonam]
511 2639 621 2686 Monetae
638 2637 928 2694 uall.librarnt,ana,om.
959 2639 1022 2686 Sum-

151 2713 190 2746 ma
200 2699 279 2744 eadem
290 2698 418 2744 divitiarum
429 2699 537 2744 Senecae:
556 2711 681 2758 expressae
697 2697 770 2744 Dione
788 2701 824 2752 61,
838 2700 871 2745 lo,
893 2697 930 2756 qui
946 2711 1023 2744 ornnes

152 2771 190 2804 res
208 2758 297 2804 relictas
308 2758 383 2810 hahet,
401 2761 469 2817 prout
486 2757 521 2803 cul
552 2756 648 2802 tvirum
667 2755 812 2818 inculpatum.
846 2757 880 2802 lta
888 2757 1024 2803 adulterium

148 2817 184 2864 illi
195 2815 272 2862 obiicit
282 2831 331 2862 curn
343 2815 479 2876 Agrippina:
498 2830 528 2876 pu
538 2814 617 2861 larium
627 2829 678 2861 eum
693 2814 759 2862 luisse
775 2814 815 2870 ait,
831 2814 934 2877 idemque
943 2815 1024 2862 vitium

151 2875 182 2922 ab
202 2874 243 2920 illo
262 2875 352 2920 insitum
371 2873 470 2921 Neroni:
493 2887 592 2921 caussam
608 2879 766 2934 auctoremque
785 2873 914 2921 interiectae
931 2873 1023 2922 matris:

150 2934 249 3004 aliaque,
257 2947 314 2994 quae
325 2935 392 2980 homo
402 2947 478 2992 vanus,
488 2939 578 2996 praeter
587 2933 660 2989 fidem,
668 2938 801 3004 praeterque
812 2933 908 2980 omniurn
918 2941 1024 2987 mentem,

151 2993 381 3039 aonvrciaturvelnte
396 2992 502 3053 plaustro:
535 2991 621 3042 Quibus
637 2991 682 3037 odri
698 2992 798 3040 caurnsi'
813 2999 852 3039 aut
861 3006 906 3052 quo
915 2991 1026 3038 mendacii
1042 3023 1046 3032 .

151 3051 245 3113 pretio?
260 3051 320 3098 Nam
335 3053 419 3098 Senem
429 3057 493 3097 tanto
502 3051 609 3106 anterior,
619 3063 662 3096 non
672 3050 761 3105 iniuria,
772 3065 817 3097 non
829 3051 933 3097 mnefieio
952 3050 1025 3108 cogni-

151 3109 240 3158 tuailli.
272 3111 315 3158 Sed
327 3112 402 3166 eredo,
412 3109 488 3156 indicii
498 3110 606 3171 quaedam
617 3124 747 3180 morumque
778 3109 955 3164 erversitasluit,
968 3122 1026 3169 quae

154 3169 257 3216 eumdem
276 3169 339 3215 illum
350 3169 372 3216 in
382 3169 513 3216 Ciceronem
530 3168 626 3223 exacuit,
645 3182 704 3238 qnae
714 3183 735 3214 m
766 3169 854 3223 assium,
867 3167 967 3222 Brutum,
978 3182 1025 3214 om-

152 3243 235 3287 neaque
246 3229 322 3274 honos.
354 3229 441 3274 Caveat
450 3228 480 3274 ab
490 3228 531 3285 his,
552 3241 639 3280 moneo,
650 3233 763 3273 raventun:
782 3233 805 3271 et
815 3241 828 3272 e
838 3227 920 3286 campis
930 3227 976 3273 illia
992 3227 1027 3272 ita

152 3287 200 3335 anti
218 3287 312 3333 rritatum
323 3291 346 3333 et
367 3285 473 3332 historiae
488 3287 553 3332 florea
572 3285 641 3344 legat,
652 3291 676 3332 nt
691 3299 735 3330 non
753 3285 844 3341 colligat
859 3299 951 3330 venena,
985 3289 1025 3342 At,

154 3361 184 3408 qu
225 3347 255 3392 ad
273 3345 364 3392 divitias
374 3346 552 3406 elegantiamque
568 3346 666 3391 Senecae
683 3343 773 3396 attinet,
784 3345 843 3397 vide,
855 3345 933 3396 lector,
943 3349 967 3390 et
977 3345 1027 3402 lege

114 3430 117 3440 '
153 3401 950 3522 tt‘ttitditli‘iltl'tiiiiii.tl⁰‘,ttiti¹i⁰iili
976 3418 1027 3521 ‘ii

155 3521 187 3572 V.
199 3527 223 3570 et
234 3521 281 3572 Dia
290 3525 327 3581 62,
338 3524 360 3570 2.
391 3521 426 3570 ct.
437 3521 508 3569 tiron.
520 3521 570 3570 Pae.
583 3527 627 3568 vet.
638 3525 660 3580 l,
672 3523 705 3567 ll.
