2164 3846
111 247 188 297 aec.
205 249 246 297 ss.
379 227 812 294 aaa.1ncan.10.li.
912 217 1005 292 283

109 405 202 476 atque
220 415 258 458 eo
292 399 416 457 ferocior
429 405 459 456 et
474 399 613 458 subiectis
627 399 826 460 intuleratior:
846 399 985 474 quiduis

110 504 183 558 ante
213 498 388 572 composito,
413 497 572 565 incautum,
599 498 985 574 venationiqueintautum,

108 597 301 664 interfecere,
316 596 438 669 primam
457 596 533 654 intra
555 597 715 666 iuventam,
739 599 792 656 sed
812 598 985 658 claritudine

109 679 227 770 paucos
241 696 319 753 iuter
331 711 433 753 senam
447 695 609 770 Regumsi
623 696 742 768 perinde
754 713 897 756 amorem·
908 698 985 756 inter
1004 727 1008 740 ·

110 797 282 868 populares,
308 811 393 868 qaam
418 801 528 852 metum
560 796 636 868 apud
655 795 758 854 buttes
774 796 983 870 quaesivisset.

111 893 204 951 Nece
225 891 376 951 -Bardanis
407 895 538 950 turbatae
566 893 737 952 Parthorum
755 909 804 952 res
828 894 905 954 iuter
925 911 985 952 am·

109 991 232 1066 biguos,
251 992 315 1068 quis
338 992 370 1048 iu
394 993 528 1066 Regnum
547 992 741 1066 acciperetur.
761 973 846 1050 matti
864 993 900 1050 ad
927 992 985 1052 Go-

110 1093 218 1149 tarzen
231 1090 426 1161 inclinabant3
448 1091 623 1166 quidamst
648 1091 850 1158 Meherdaten,
874 1093 985 1164 prolem

112 1187 283 1256 Pbrabatis,
309 1189 423 1248 obsidio
458 1189 543 1248 nubis
575 1190 684 1248 datum.
718 1188 788 1248 dain
803 1189 985 1262 npraevaluit

114 1287 269 1346 Gotarzes.
291 1289 455 1364 potitusque
468 1289 587 1363 regiam,
595 1305 653 1362 per
665 1288 874 1372 saevitiem-ac
883 1291 984 1348 luxum

114 1386 218 1462 adegit
251 1389 384 1454 Parthos,
410 1389 526 1447 mittere
553 1389 591 1446 ad
617 1388 785 1462 Principem
819 1389 983 1446 Romanam

114 1489 251 1545 occultas
278 1505 389 1561 preces,
415 1489 486 1563 quis,
508 1486 633 1565 pensatus·
655 1486 833 1546 Meherdaten
856 1483 983 1564 parium

115 1583 157 1640 ad
171 1583 341 1663 fastigium,
354 1589 484 1645 orabant.

158 1683 269 1740 lisdem
284 1685 460 1743 consulibus
480 1687 540 1744 ludi
562 1688 725 1746 saeculares
738 1685 983 1763 octingentesimo
995 1679 1031 1739 ll

115 1783 321 1854 post-Romam
335 1785 493 1852 conditam,
507 1791 608 1860 quarto
627 1791 657 1844 et
680 1787 873 1862 sexagesimo,
896 1801 983 1860 quam
1004 1811 1008 1821 ·

117 1881 267 1955 Augustus
290 1882 431 1952 ediderat,
455 1884 580 1956 spectati
601 1891 677 1943 sunt.
717 1867 879 1958 Vtriusque
900 1882 982 1942 Prin·

117 1980 194 2054 cipis
208 1980 334 2038 rationes
354 1983 560 2054 praetermitto,
583 1983 654 2041 satis
668 1988 796 2042 narratas
810 1982 899 2049 tibris,
912 1982 982 2056 ¹qui·
1079 2015 1080 2030 ÷

115 2079 171 2136 bns
199 2097 245 2136 res
273 2081 457 2154 imperatoris
484 2081 648 2140 Domitiani
673 2081 833 2154 composui.
864 2080 981 2137 nausis
1011 2104 1019 2153 ,-
1079 2063 1080 2076 ¹

116 2193 229 2252 qnoque
244 2179 335 2237 edidit
355 2181 438 2238 indos
461 2183 642 2251 saecularem
662 2181 754 2254 iisque
774 2177 913 2236 intentius
934 2161 1026 2274 uad-5³
1079 2201 1080 2258 p

116 2275 159 2334 tui
193 2279 363 2336 sacerdotio
385 2280 648 2352 Quindecimvirati
680 2279 836 2353 praeditus,
859 2295 895 2336 ac
919 2283 950 2335 tu

117 2374 248 2434 Praetor.
268 2379 345 2452 qnod
360 2395 418 2436 non
440 2379 581 2438 iactantia
605 2381 705 2446 refero,
729 2380 781 2436 sed
795 2378 863 2454 quia
885 2220 989 2523 aaa*
1079 2443 1080 2466 χ

117 2475 168 2548 gio
196 2475 469 2548 Quindecimvirum
490 2480 646 2555 antiquitus
670 2498 707 2537 ea
730 2495 808 2548 curo,
837 2483 867 2536 et
890 2476 984 2553 Magi

115 2579 222 2633 stratus
237 2577 415 2650 potissimum
428 2580 661 2653 exsequebantur
679 2578 775 2637 officia
794 2578 983 2638 caerimonia*
1079 2583 1080 2612 ³

116 2693 188 2732 rum.
231 2676 360 2734 Sedente
374 2678 507 2746 Claudio,
526 2677 705 2736 circensibus
725 2678 809 2744 ludis,
829 2695 896 2736 cum
911 2695 983 2752 pue·
1008 2715 1011 2722 ·

117 2773 142 2830 ri
165 2773 277 2831 nobitas
304 2775 385 2849 equis
407 2775 549 2834 ludicrum
574 2777 685 2834 Troiae
706 2776 823 2844 inirent,
849 2776 982 2852 interque

1 2903 18 2958 ,a
117 2889 169 2929 eos
195 2872 392 2938 Britannicus,
424 2876 600 2949 tmpemtorc
626 2875 750 2950 genitus,
773 2879 804 2931 et
824 2875 860 2932 is.
882 2875 982 2936 Domi·

1 2995 2 3034 3
117 2969 184 3034 tius,
198 2972 355 3046 adoptione
379 2991 447 3031 mox
469 2973 499 3031 in
524 2974 679 3045 Imperium
703 2979 734 3031 et
757 2983 983 3049 cognomentum

2 3086 5 3144 3
117 3069 245 3128 Neronia
266 3072 403 3140 adscitus,
422 3071 505 3130 favor
524 3073 617 3146 piebis
638 3073 732 3132 acrior
755 3073 786 3131 in
810 3075 981 3142 Domitium,

1 3147 4 3221 2'
111 3169 184 3236 ¹loco
211 3170 355 3244 praesagii
381 3176 519 3245 acceptus
540 3177 593 3228 est.
616 3174 851 3247 vulgabaturque,
877 3169 982 3252 coibis·

146 3321 233 3374 Quarto
241 3327 261 3367 et
275 3323 415 3385 sexagesino]
447 3324 521 3371 budoa
530 3325 588 3380 illos,
599 3325 726 3372 Horatiano
742 3325 826 3382 hymno
836 3321 984 3384 percelebres,

5 3394 9 3458 a,
111 3377 220 3438 ¹ediderat
230 3383 342 3441 amotus
352 3383 418 3431 Auno
426 3383 455 3436 U.
466 3383 492 3438 0,
504 3387 545 3433 737
556 3384 581 3432 0.
593 3383 677 3432 Furnio
693 3389 717 3430 et
727 3383 753 3430 c.
763 3382 840 3428 Silana
849 3381 912 3428 Cosa.
