2166 3834
128 246 200 328 4,Ίο.
217 250 256 296 21.
332 247 480 294 ura.1n.
531 241 609 294 can.
637 227 805 296 ass-36.
934 227 1004 300 tta

129 401 381 461 ‘meminissent'
425 401 547 460 Addidit
562 419 654 476 pauca
669 405 780 462 Drusus
800 403 838 460 de
860 403 1004 463 matrimu-

129 499 181 559 uio
193 519 266 572 su03
282 509 371 559 ‘nam
383 499 566 574 Principibus
577 503 710 560 adeunda
718 503 833 576 saepius
847 503 1005 578 longinque

128 599 278 674 ‘imperii
333 601 477 673 Quotiens
500 601 538 657 D.
564 601 727 676 Augustum
751 602 783 659 lu
808 601 1002 660 Occidentem

129 703 138 730 ‘
153 707 240 774 atque
255 699 409 758 Orientem
424 701 578 768 meavisse,
592 701 699 758 comite
713 698 825 758 Livia?
844 717 877 758 se
891 717 1003 777 quoque

131 797 185 855 ‘in
202 800 355 872 illyricum
370 798 547 872 prolecturus
568 804 608 866 et,
619 799 644 855 si
659 799 700 856 ita
711 801 866 868 conducat,
880 799 953 858 alias
966 801 1004 857 ad

129 901 256 971 ‘gentes
272 897 386 963 iturum,
405 899 483 954 baud
497 915 611 970 semper
631 915 724 973 nequo
737 899 845 964 animo,
859 898 885 956 si
912 915 1003 957 uxore

131 998 318 1064 ‘carissimas
345 1003 376 1054 et
403 1003 445 1054 tot
471 995 669 1055 communium
696 977 1015 1080 liberornmparente„

131 1094 363 1154 ‘divelleretuu’
402 1097 454 1154 Sin
479 1095 628 1154 Caecinae
651 1095 799 1154 sententia
825 1097 914 1154 elasa.
963 1097 1002 1154 Et
1013 1095 1054 1156 35

133 1195 260 1269 proximi
276 1197 403 1254 Senatus
416 1196 474 1264 die,
490 1197 638 1262 Tiberius,
653 1213 704 1270 per
728 1195 839 1252 litteras
852 1197 1002 1271 castigatis

131 1294 247 1368 oblique
276 1295 420 1362 Patribus,
440 1297 533 1370 ‘quod
557 1301 663 1352 cuncta
688 1309 820 1352 curarum
833 1296 869 1352 ad
891 1296 1002 1354 Princi-

128 1399 218 1466 ‘pem
244 1393 419 1462 reiicerent,’
440 1395 481 1452 Μ.
511 1395 654 1468 Lepidum
673 1399 704 1451 et
726 1393 841 1452 lunium
862 1395 1000 1454 Blaesum

128 1493 308 1560 nominavit,
338 1512 376 1551 ex
411 1493 474 1568 qnia
508 1494 666 1550 Proconaul
701 1491 819 1551 Africae
847 1496 999 1569 legeretur.

131 1591 211 1649 ‘l'nm
238 1593 338 1650 audita
357 1586 505 1650 abactam
521 1594 620 1657 verba,
633 1592 774 1651 intentius
787 1600 947 1652 excusante
967 1611 1000 1651 se

129 1691 256 1764 Lepido,
266 1709 334 1748 cam
345 1701 352 1724 ⁵
363 1692 562 1749 valetudinem
576 1693 713 1763 corporis,
725 1697 850 1750 aetatem
869 1693 1000 1762 liberum,

128 1791 279 1847 ‘nubilem
299 1789 396 1848 filiam'
410 1792 590 1857 obtenderet,
613 1790 878 1866 intelligereturque
901 1791 1000 1859 etiarn,

128 1893 203 1965 qnod
219 1890 336 1956 silebat,
350 1891 527 1948 avunculum
541 1907 605 1948 esse
621 1889 721 1963 Sejani
743 1891 889 1958 Blaesum,
913 1897 1000 1965 atque

126 2007 162 2046 eo
176 1989 389 2061 praevalidum.
432 1989 593 2061 Respondit
608 1989 739 2055 Blaesus,
753 1990 852 2062 specie
867 2005 999 2046 recusan-

128 2087 174 2154 tis,
186 2089 239 2144 sed
255 2103 349 2161 neque
364 2088 467 2144 eadem
481 2087 712 2154 adseveratione,
731 2094 760 2144 et
772 2103 918 2144 consensu
932 2088 999 2144 adu·

125 2185 252 2243 lantium
272 2186 348 2242 baud
364 2185 440 2242 iulus
454 2193 507 2243 est.
549 2173 628 2244 Enin
650 2193 820 2259 promptum,
840 2186 915 2257 qaod
930 2187 999 2241 mul·
1010 2175 1051 2234 36

125 2284 349 2342 torum-inlimia
369 2283 517 2359 questibus
542 2287 701 2359 tegebatur.
744 2283 902 2340 Incedebat
920 2282 999 2340 euim

126 2384 284 2442 deterrimo
297 2383 401 2458 cuique
416 2383 673 2457 licentia,impune
694 2383 797 2455 probra
811 2388 841 2437 et
857 2380 998 2438 invidiam

92 2519 99 2528 —
124 2481 154 2542 ln
170 2486 263 2539 bonos
278 2481 439 2547 excitandi,
453 2485 572 2556 edreptc
592 2483 719 2554 imagine
741 2479 893 2549 Caesaris3
914 2481 998 2538 liber·

125 2581 307 2656 liqueetiam
327 2598 362 2637 ac
388 2581 476 2649 servi,
498 2587 620 2654 patrono
645 2583 693 2638 vel
714 2580 833 2636 domino
856 2595 922 2636 cnm
947 2597 996 2638 vo·

124 2697 184 2748 ces,
219 2697 287 2737 cum
318 2695 418 2736 manua
452 2679 642 2746 intentarent,
675 2682 751 2736 ultro
774 2681 996 2737 metuebantur.

124 2779 218 2854 igitur
232 2779 269 2836 C.
281 2777 406 2846 Cestius,
423 2777 557 2844 Senator,
580 2778 733 2835 disseruit:
754 2778 995 2853 ‘Principeaqui-

123 2879 215 2936 ‘dern
242 2879 335 2935 instar
359 2877 489 2934 Deorum
509 2895 592 2934 esse:
613 2880 664 2934 sed
680 2893 773 2952 neque
794 2893 812 2936 a
835 2877 910 2944 Diis,
936 2879 993 2936 nisi

121 2975 245 3042 ‘iustam
269 2973 431 3049 supplicam
454 2993 553 3048 preces
580 2977 681 3043 audiri,
704 2993 797 3051 neque
820 2993 993 3052 quemquam

121 3077 174 3136 ‘in
197 3075 368 3149 capitolium
390 3074 487 3131 aliave
501 3075 579 3131 urbis
602 3078 711 3148 templa
724 3075 885 3148 perlegere,
905 3082 936 3133 nt
956 3091 994 3130 eo

120 3173 277 3233 ‘subsidio
291 3174 327 3230 ad
348 3172 458 3247 flagitia
479 3178 581 3230 ulatur.
626 3174 761 3231 Abulites
782 3175 862 3246 leges
885 3181 914 3230 el
930 3175 991 3229 lun·

27 3309 32 3328 .
123 3275 221 3332 ‘ditus
233 3288 342 3337 versas,
356 3271 405 3328 ubi
419 3271 449 3328 in
462 3271 531 3337 loro,
544 3272 576 3328 in
595 3271 697 3328 limine
711 3272 820 3335 cariae,
839 3273 876 3323 nb
893 3269 993 3323 Annia

122 3371 267 3437 ‘anatra
287 3387 373 3445 qnam
396 3369 503 3427 fraudis
522 3371 575 3426 aab
590 3370 687 3426 iudice
710 3363 918 3424 damnavisset,
931 3375 992 3428 pro

120 3471 194 3530 ‘bra
219 3469 278 3526 sibi
307 3475 338 3527 et
351 3470 448 3526 minae
470 3467 667 3528 intendantur,
690 3461 785 3532 neque
804 3456 866 3525 ipae
888 3453 994 3506 undeet

160 3585 235 3628 von.
255 3583 278 3624 1.
596 3556 662 3614 13*
