2186 3850
110 290 241 340 acas.
329 287 399 335 ern.
425 285 502 335 xur.
553 286 631 335 car.
658 264 777 334 i.-9.
914 267 987 334 aab

112 443 298 518 ‘insignibus
314 442 415 514 Regiis
430 439 568 500 mandat!
608 443 791 517 Exortusque
805 440 837 498 in
857 444 986 511 tempore

110 545 247 600 aemulus
264 543 420 615 Vologese,
432 541 506 598 filius
522 542 683 599 Vardanes.
698 548 726 598 et
748 540 916 598 abscessere
932 540 987 600 Ar·

111 642 214 700 menia
230 641 342 706 Parthi,
352 647 497 714 tamquam
511 641 657 698 differrent
675 641 791 699 bellum.
835 643 895 698 Sed
910 637 1017 713 apudss

113 741 260 798 Senatum
279 739 377 796 omnia
398 739 428 795 iu
454 739 544 796 maius
568 743 715 797 celebrata
742 746 810 798 sunt
830 740 987 798 sententiis

112 855 226 903 eorum,
241 837 289 910 qui
310 838 566 910 *surrpllcationeu
581 846 611 895 et
625 839 726 896 diebus
741 839 987 912 supplicationum

112 942 253 994 ‘vestem
275 937 407 1009 Principi
431 938 645 1009 triumphalem,
666 945 754 1012 utque
774 955 867 995 ovans
888 941 988 997 urban

112 1035 236 1097 ‘iniret
256 1035 422 1109 effigiesque
443 1035 515 1101 eius,
537 1035 608 1108 path
620 1035 819 1110 magnitudine
834 1054 869 1094 ac
885 1036 989 1096 Martis

113 1135 257 1201 ‘Vltoris,
268 1137 371 1192 eodem
386 1135 416 1191 in
432 1131 559 1207 tempto?
572 1152 731 1191 censuere:
753 1143 867 1208 praeter
877 1142 989 1194 suetam

113 1233 315 1292 adulationem
340 1235 421 1300 laeti,
442 1236 518 1308 quod
542 1234 704 1291 Domitium
728 1234 924 1292 Corbulonem
947 1252 990 1292 re.

117 1335 260 1392 tinentiae
276 1333 434 1392 Armeniae
456 1339 669 1407 praeposuerat.
686 1332 893 1408 videbaturque
909 1336 989 1392 locus

116 1434 275 1491 virtutibus
297 1433 466 1506 protelantes.
508 1430 620 1504 Copiae
642 1432 772 1489 Orientis
792 1432 834 1490 ita
854 1433 988 1492 dividun-

116 1537 174 1598 tur,
189 1537 221 1588 ut
238 1549 303 1604 pars
317 1532 511 1598 auxiliarium,
522 1548 588 1588 cum
603 1533 713 1588 duabus
729 1532 900 1606 legionibus,
913 1533 989 1608 apud

117 1631 303 1705 provinciam
333 1630 459 1704 Syriam,
487 1637 517 1687 et
548 1632 691 1704 Legatum
719 1633 781 1690 eius
810 1633 989 1705 Quadratum

117 1729 311 1798 meidium,
333 1737 513 1798 remanerem
535 1747 586 1802 par
601 1729 925 1808 eiviumsociorumque
940 1749 989 1790 nu„

118 1845 216 1886 merus
240 1828 400 1886 Corbuloni
422 1835 510 1894 esset,
536 1829 643 1885 additis
671 1829 837 1886 cohortibus
857 1831 988 1904 aliisque,

119 1944 195 2001 quae
219 1927 296 1999 apud
322 1927 539 2000 Cappadociam
567 1928 753 1985 hiemabant:
785 1928 858 1984 socii
883 1927 989 2000 Reges,

116 2031 202 2100 prout
224 2027 308 2083 'hello
334 2026 520 2094 conduceret,
548 2044 648 2098 parere
675 2025 755 2084 iussi.
807 2026 866 2082 Sed
894 2025 989 2087 studia

110 2141 220 2181 eorum
247 2124 277 2180 in
307 2124 503 2182 Corbulonem
538 2125 711 2198 promptiora
738 2135 841 2183 erant:
875 2125 933 2198 qui,
957 2129 990 2182 ul

88 2249 94 2262 ·
118 2222 216 2280 lamae
236 2222 401 2288 inserviret,
421 2224 544 2297 quaein
570 2223 654 2280 novis
675 2224 787 2297 coeptis
809 2222 989 2280 validissima

119 2329 174 2387 est,
191 2321 295 2378 itinere
311 2339 432 2395 propere
444 2323 590 2389 conlecto,
604 2323 679 2395 apud
696 2325 821 2395 Aegeas,
835 2321 989 2381 civilatem

120 2419 260 2487 Ciliciae,
280 2409 401 2478 obvium
430 2421 609 2493 Quadratum
637 2421 746 2483 habuit,
770 2421 843 2478 illuc
862 2437 989 2494 progres-

118 2533 193 2586 sum,
209 2536 255 2584 ne,
275 2506 351 2576 si'ad
366 2519 554 2592 accipiendas
568 2520 669 2593 copias
689 2520 806 2593 Syriam
818 2519 989 2578 intravisset

119 2619 259 2684 Corbulo,
272 2617 401 2676 omnium
416 2635 466 2675 ora
487 2619 516 2674 in
538 2637 569 2675 se
591 2625 727 2687 verteret,
741 2635 860 2691 corpore
874 2619 988 2692 ingens,

118 2717 219 2776 verbis
234 2717 412 2790 magnificus,
427 2723 466 2785 et,
480 2735 566 2789 super
579 2717 789 2791 experientiam
804 2717 989 2790 sapientiam·

118 2833 186 2891 que,
205 2815 293 2872 etiam
315 2815 413 2888 specie
437 2815 567 2873 inanium
590 2817 713 2884 validus.
755 2817 893 2875 Ceterum
915 2822 1018 2878 uter-9

118 2932 177 2990 que
198 2915 368 2987 Vologesen
385 2915 507 2989 ,Regem
520 2915 645 2996 „nuntiis
667 2917 834 2983 monebant,
865 2921 989 2990 ‘pacem

118 3021 227 3088 ‘quam
253 3015 363 3069 bellum
390 3016 498 3080 mallet,
528 3013 661 3088 datisque
688 3015 846 3082 obsidibus,
873 3015 988 3071 solitam

119 3111 282 3185 ‘prioribus
296 3112 491 3168 reverentiam
511 3111 544 3169 iu
564 3111 704 3184 Populum
721 3113 882 3170 Romanum
897 3111 989 3168 conti·
1027 3097 1032 3103 ⁵

118 3207 244 3270 noaret?
284 3210 323 3266 Et
350 3195 525 3283 Vologeses,
552 3227 609 3284 quo
636 3213 742 3267 bellum
770 3229 808 3268 ex
835 3210 989 3266 commodo
1087 3199 1088 3202 '

119 3312 244 3381 pararet,
267 3324 315 3373 an,
337 3314 368 3366 ut
395 3308 598 3365 aemulationis
621 3313 782 3380 suspectos,
807 3323 857 3379 per
881 3323 988 3364 nomen

118 3406 263 3472 obsidum,
290 3413 449 3471 amoveret,
477 3404 785 3463 tradit'nobilissimos
812 3420 850 3458 ex
878 3403 989 3460 familia

97 3493 100 3500 ’
122 3503 340 3564 Arsacidarum.
383 3504 566 3579 decepitque
577 3522 627 3562 eos
643 3499 782 3561 centurio
797 3498 937 3566 Elateius,
951 3503 989 3558 ab
