2166 3834
95 233 226 283 coca
339 227 412 278 nra.
438 227 484 278 ru.
534 227 613 278 car.
638 211 758 278 2.-d.
902 207 974 282 tto

96 370 220 446 noent.
262 381 407 442 Celerum
433 385 520 456 plena
544 383 703 442 Caesarum
725 385 836 454 domne,
860 383 977 450 invente

99 486 189 551 fitius,
217 489 341 557 nepotes
375 484 477 549 adulti,
510 499 618 540 moram
645 483 760 556 cupidis
786 483 977 543 adterebantc

97 588 144 650 et,
165 581 234 657 quia
259 581 291 638 vi
319 587 363 639 tot
386 580 470 638 sistat
498 582 643 654 corripere
671 581 806 647 intutum,
833 583 917 639 dulos
936 584 979 643 in·

99 683 231 740 terualla
252 683 397 737 scelenrm
418 680 567 750 poscebat.
590 681 817 751 placuittarnen
836 683 980 744 occultior

101 779 166 848 vta,
180 784 212 836 et
225 795 244 834 a
259 779 357 834 Druso
368 777 509 850 incipere
529 777 560 834 in
580 795 665 852 quem
687 780 797 836 recent
815 779 857 837 ira
869 781 980 840 fereba-

101 885 161 938 tur.
203 879 283 934 Nam
303 879 424 944 Drusus,
445 877 601 948 impatiens
621 879 727 934 aemuli
741 886 772 934 et
791 880 889 938 animo
902 897 979 940 com·

101 977 223 1044 molior,
243 983 309 1033 orte
327 977 400 1032 torte
423 975 526 1060 iurgio,
548 976 713 1034 intenderet
738 979 849 1036 Seiano
866 997 979 1051 manns,

103 1083 262 1152 abcootra
283 1073 430 1132 tendentis
451 1091 484 1132 os
505 1077 721 1132 verberaverat.
763 1073 855 1149 lgitur
872 1083 981 1138 cuncta

103 1176 237 1236 tentanti
256 1173 499 1248 promptissimum
520 1173 625 1236 risum,
648 1174 685 1230 ad
711 1191 830 1232 nxooent
849 1175 912 1234 elus
931 1175 980 1236 Li·

105 1275 190 1334 viarn
203 1269 392 1332 convertere}
414 1289 488 1347 quae
509 1275 589 1330 sere'r
604 1273 913 1340 decorarint-lurtum
926 1273 980 1334 ini·

104 1372 150 1434 tio
161 1361 269 1432 aetatis
281 1373 445 1438 indecorae
461 1387 528 1428 mou
543 1373 759 1444 pulchritudine
770 1375 978 1445 praecellebat.

107 1475 209 1540 flauo,
236 1477 269 1530 nt
295 1487 392 1528 amere
406 1470 568 1536 -toccnsos,
595 1469 738 1528 adulterio
766 1473 908 1544 pellexitr
938 1479 979 1544 et,

107 1578 263 1648 postquem
284 1569 370 1642 priori
395 1569 499 1642 flagitii
523 1570 631 1640 potitus
654 1575 708 1640 cst,
731 1567 838 1647 (neque
859 1571 979 1638 lentina,

105 1671 218 1730 amima
240 1669 391 1743 pudicitia,
415 1669 474 1726 elia
497 1669 662 1746 moerim
693 1669 729 1725 ad
749 1669 879 1746 coniugii
898 1687 980 1745 spem

104 1770 289 1830 consortium
309 1767 402 1843 regni,
419 1773 451 1831 et
471 1758 577 1825 neceni
597 1768 694 1825 mariti
716 1769 840 1842 impulit.
881 1773 981 1846 Atque

106 1871 173 1936 illa,
199 1869 249 1926 etri
273 1868 436 1924 avunculus
466 1867 622 1941 Augustus,
656 1883 739 1924 socer
765 1868 914 1935 Tiberius,
940 1885 981 1927 ex

109 1970 212 2028 Druse
228 1966 321 2033 liberi,
335 1981 423 2040 seque
437 1981 472 2022 ac
487 1965 653 2024 meterent
668 1971 796 2038 posteros
811 1965 982 2040 municipali

107 2069 245 2126 atlalterc
257 2063 411 2134 foedabat3
439 2070 480 2133 at,
499 2081 550 2138 pro
571 2065 701 2122 honestis
722 2070 752 2122 et
774 2065 982 2137 praesentibus,

106 2166 257 2242 flagitiosa
280 2170 310 2222 et
333 2165 447 2221 incerta
470 2170 665 2238 exspectaret.
708 2164 838 2220 Sumitnr
858 2163 890 2220 in
914 2179 983 2222 con·

107 2265 268 2326 scientiam
302 2263 458 2330 Eudemus,
490 2263 602 2320 amicus
635 2277 671 2320 ac
704 2261 836 2319 medicus
866 2259 982 2329 Liviae,

106 2365 212 2440 specie
236 2363 307 2420 artis
327 2363 462 2436 frequens
488 2362 617 2419 secretis.
641 2361 724 2435 pellit
749 2361 836 2417 domo
857 2359 982 2418 Seianus

103 2479 232 2524 exertam
251 2461 415 2531 Apicatam,
434 2477 473 2518 ex
489 2471 546 2536 qna
566 2466 625 2518 tres
646 2460 752 2516 llberos
772 2464 922 2533 genuerat,
943 2475 982 2516 nc

106 2563 453 2640 pellicianrectaretur.
496 2561 556 2617 Sed
579 2558 748 2632 magnitudo
768 2559 905 2616 facinoris
924 2575 982 2616 mc·

111 2671 184 2731 lum,
200 2661 386 2736 prolationes,
399 2661 517 2718 diuersa
529 2656 676 2717 intentam
690 2659 813 2717 consilia
825 2659 981 2716 adferebat.

112 2762 239 2822 interim
252 2760 322 2818 anni
342 2759 487 2835 principio
502 2761 621 2822 Drusus.
636 2777 674 2815 ex
689 2747 859 2816 Germanici
874 2759 1014 2826 liberiad

112 2867 210 2937 tegam
227 2860 343 2918 virilem
363 2860 501 2933 sumpsit3
529 2873 658 2934 quaeque
683 2857 762 2916 fratri
787 2859 850 2916 eius
870 2859 983 2918 Neroni

110 2963 288 3020 decreverat
316 2961 449 3024 Senatus,
480 2959 613 3030 repetita.
670 2958 795 3016 Addidit
820 2959 983 3016 orationem

114 3061 235 3126 (laesor,
251 3061 341 3116 multa
355 3075 422 3114 curn
435 3058 521 3114 laude
534 3055 587 3114 lilii
601 3055 655 3124 sni,
683 3059 775 3132 ‘quod
791 3057 882 3129 patria
897 3060 985 3115 bena·

112 3158 267 3216 ‘volentia
278 3157 413 3215 intrabis
425 3154 633 3236 libcrcsl'oret.’
661 3157 737 3213 Nam
752 3157 861 3214 Drusus
874 3151 985 3230 (quem·
1063 3181 1064 3184 ¹

114 3275 202 3334 wem
222 3259 345 3314 arduum
362 3256 412 3324 sit,
431 3255 535 3314 eodem
556 3255 615 3314 loci
635 3257 794 3328 potentiana
815 3261 842 3309 et
866 3269 985 3308 concor-

113 3357 200 3415 diam'
221 3355 300 3432 es‘se)
326 3373 435 3430 aequus
467 3353 711 3416 adolescentibus,
741 3356 791 3406 aut
818 3355 898 3403 certe
928 3361 987 3398 non

113 3457 258 3515 adversus
272 3456 440 3512 habebatur.
480 3451 561 3510 Exin
575 3456 660 3507 velus
674 3455 705 3504 et
721 3461 809 3515 saepe
824 3439 988 3496 simulatum
1063 3475 1064 3480 .
