2134 3826
93 211 142 278 28
417 232 602 282 annnorum
819 237 850 286 ι.
867 237 898 286 v.
915 241 967 292 ror.

39 386 80 449 27
93 395 101 423 ⁸
112 389 176 446 aine
190 387 298 445 arbitro
310 404 375 445 esse
390 383 411 446 i’
432 388 582 446 Postremo
605 389 743 448 deserunt
767 389 913 450 tribunal:
935 397 968 452 ut

91 490 155 564 quis
183 487 427 561 praetorianorum
454 488 578 545 militum
602 489 800 548 amicorumve
827 491 966 551 Caesaris

23 580 26 584 ’
91 593 265 656 occurreret,
292 605 393 644 manos
419 585 610 654 intentantes,
637 605 771 646 caussam
800 590 968 649 discordiae

92 695 121 746 et
135 688 250 746 initium
275 704 436 744 armorum:
457 688 585 744 maxime
613 675 801 746 insensilia.
826 691 966 761 Lentulo,

91 790 166 863 quod
191 789 226 856 is,
249 791 318 844 ante
349 787 422 844 alios
446 792 543 843 aetate
574 795 604 844 et
625 788 717 861 gloria
742 789 822 856 belli,
851 791 968 847 firmare

93 890 220 947 Drusum
238 887 419 952 credebatur,
446 891 477 942 et
496 886 548 943 illa
573 887 695 944 militiae
720 887 831 961 flagitia
857 891 969 961 primus

91 987 268 1062 adspernari.
291 988 356 1043 Nec
378 987 469 1043 mutto
483 993 556 1058 post,
575 987 788 1060 digredientem
801 1005 870 1044 cum
891 989 968 1053 Gae-

90 1105 164 1154 sare,
187 1105 233 1154 ac,
261 1086 379 1160 provisu
406 1086 537 1159 periculi,
566 1086 688 1143 hiberna
710 1093 808 1144 castra
831 1095 968 1160 repeten-

91 1191 160 1254 tem,
189 1187 416 1251 circumsistunt,
440 1185 608 1258 rogitantes,
638 1193 715 1260 ‘quo
742 1185 899 1260 pergeret?
928 1189 966 1246 ad

90 1289 318 1360 ‘Imperatorem
332 1303 370 1342 an
385 1286 421 1340 ad
437 1285 537 1341 Patres
550 1281 561 1342 i
582 1290 611 1341 ut
626 1283 688 1342 illic
703 1303 815 1360 quoque
836 1303 966 1346 commo·

90 1389 154 1445 ‘dis
167 1387 313 1461 legionum
340 1385 542 1441 adversaretur
552 1380 573 1441 ‘i’
595 1383 688 1441 Simul
716 1385 863 1459 ingruunt,
891 1405 966 1444 saxa

89 1487 210 1546 iaciunt.
224 1487 338 1559 iamque
355 1483 458 1557 lapidis
472 1483 533 1540 ictu
554 1489 700 1548 cruentus,
713 1489 743 1541 et
756 1485 843 1542 exitii
857 1491 977 1554 certus!

90 1587 211 1644 adcursu
238 1582 440 1650 multitudinis,
469 1599 542 1657 quae
573 1600 640 1641 cum
671 1583 767 1640 Druso
791 1585 965 1654 advenerat,

36 1691 78 1749 28
91 1691 236 1761 protectus
250 1691 304 1742 est.
326 1685 454 1740 Noctem
471 1683 618 1740 minacem
637 1689 668 1739 et
680 1683 712 1740 in
727 1685 823 1740 scelus
848 1691 965 1757 eruptu-

90 1803 151 1844 ram
171 1785 227 1842 lom
242 1783 365 1842 lenivit:
387 1800 455 1840 uam
475 1783 559 1841 Luna
570 1786 650 1840 claro
664 1790 783 1856 repente
797 1787 884 1842 coelo
899 1785 965 1842 visa

90 1888 288 1960 languescere.
329 1883 364 1940 ld
379 1882 471 1950 miles,
491 1882 610 1940 rationis
629 1881 756 1957 ignarus,
780 1899 867 1941 omen
884 1901 965 1957 prae-

90 1985 217 2042 sentium
230 1983 356 2056 accepit,
370 1999 406 2039 ac
434 1981 493 2039 suis
513 1982 658 2038 laboribus
678 1982 875 2040 delectionem
890 1984 965 2040 side·

90 2086 130 2142 ris
144 2085 330 2150 adsimulans,
344 2087 352 2115 ⁴
365 2097 556 2155 prospereque
570 2097 695 2147 cessura,
709 2097 783 2156 quae
798 2087 963 2156 pergerent,

89 2183 135 2240 ‘si
148 2184 280 2257 iulgoret
294 2181 436 2239 claritudo
459 2179 532 2236 deae
553 2177 738 2236 redderetur!
772 2181 866 2254 lgitor
886 2181 962 2238 aeris

89 2302 170 2349 sono,
183 2286 313 2340 tubarum
334 2296 529 2354 cornuumque
542 2285 689 2335 concentu
709 2285 857 2352 strepere:
878 2286 962 2352 prout

89 2383 268 2458 splendidior
301 2380 498 2444 obscuriorve,
533 2377 634 2434 laetari
669 2383 718 2433 arat
756 2394 911 2448 maerere;
930 2383 962 2436 et

89 2489 240 2556 postquam
265 2487 346 2537 ortae
373 2479 464 2534 nubes
489 2477 617 2534 offecere
649 2476 734 2544 visui,
761 2477 963 2552 creditumque

89 2581 237 2640 conditam
252 2577 388 2643 tenebris,
403 2583 434 2633 ut
447 2582 513 2632 suut
529 2575 650 2632 mobiles
672 2576 708 2631 ad
723 2576 962 2654 superstitionem

89 2681 240 2755 perculsae
254 2677 344 2734 semel
366 2680 487 2744 mentes,
501 2673 575 2730 ‘sibi
590 2681 740 2730 aeternum
756 2676 885 2732 laborem
901 2693 963 2748 por·

88 2778 204 2847 ‘teudi
237 2795 290 2834 sua
317 2775 448 2832 facinora
479 2773 609 2829 aversari
636 2770 726 2839 daos,’
756 2776 961 2831 lamentantur.

88 2878 241 2936 Vtendum
263 2872 457 2934 inclinatione
490 2889 527 2928 ea
560 2871 677 2938 Caesar,
702 2876 743 2938 el,
773 2890 848 2946 quae
875 2891 961 2930 casus

87 2979 241 3042 obtulerat,
266 2973 298 3030 in
326 2970 500 3045 sapientiam
530 2971 670 3026 vertenda
698 2977 785 3035 ratus,
813 2971 962 3028 circumiri

87 3075 214 3134 tentoria
241 3075 327 3131 iubet.
387 3070 510 3128 Accitur
542 3068 675 3126 centurio
703 3069 852 3136 Clemens,
881 3076 912 3126 et
936 3071 963 3128 si

88 3177 140 3234 alii
161 3175 244 3232 bouis
272 3174 380 3231 artibus
404 3169 479 3242 grati
506 3167 537 3225 iu
553 3170 674 3241 vulgus:
706 3168 729 3226 ii
758 3169 879 3242 vigiliis,
905 3177 961 3228 sta-

118 3355 152 3398 Ac
162 3349 209 3397 sair
217 3348 340 3422 tuberibus]
373 3343 467 3405 Relipsia
476 3342 540 3395 haec,
550 3342 609 3401 apud
624 3342 780 3402 chronologos
793 3343 915 3398 celebria'
909 3344 963 3392 rnei-

87 3409 193 3457 diitr.1V
207 3409 257 3454 Kal.
269 3401 547 3453 (rerunitetohrastltr
559 3403 609 3448 32⁹¹
620 3401 773 3450 lineir..'.7b
785 3405 835 3449 32¹·
845 3411 908 3450 certa
918 3409 962 3454 taa-

86 3472 116 3516 tis
131 3469 254 3531 incipientis
263 3467 401 3529 principatus
417 3461 540 3508 Tiberiani.
