2166 3834
135 186 141 222 l

98 259 127 306 s
142 256 224 304 om.
313 255 384 302 mn.
411 255 462 303 111.
487 297 490 300 .
514 255 592 304 car.
618 237 786 306 zia-44.
902 238 972 308 153

100 409 193 477 batur,
222 416 263 476 ut,
292 410 389 466 eaesis
421 410 648 485 negotiatoribus
684 412 832 479 Romanis,
866 413 974 472 bellurn

103 509 271 579 inciperet:
307 509 450 584 paucique
477 511 605 592 equitum
636 511 786 585 corrupti3
820 513 915 585 plures
930 511 974 570 'in

103 607 201 664 officio
228 625 371 664 mansere.
427 608 519 666 Aliud
554 613 663 686 volgus·
691 614 891 669 obaeratorum
920 617 975 692 „aul

102 706 255 762 clientium
283 723 364 762 arma
390 707 488 779 espit:
524 711 717 784 petebantque
745 713 844 776 sollus,
872 711 975 784 quibua

104 821 211 862 nomen
225 803 389 870 Arduum,
408 823 475 864 oum
496 807 626 881 legiones
648 815 767 883 utroquo
781 811 819 866 ab
833 808 974 876 exorbito.

104 921 175 978 quas
191 903 332 960 Visellius
346 909 377 960 et
394 905 429 961 0.
445 905 535 962 Silius
549 907 681 964 adversis
695 907 848 966 itineribus
861 906 976 964 obiens·

104 1008 179 1069 rant‚
206 1009 369 1060 areuerunt.
399 1005 627 1078 praemissusque
654 1022 722 1062 oum
748 1007 865 1062 delente
888 1021 975 1064 mann

105 1101 197 1160 lulius
216 1103 316 1168 Indus,
332 1121 349 1158 e
366 1103 489 1161 civitate
509 1105 621 1169 eadem,
643 1103 753 1162 discors
776 1105 871 1172 Flora
888 1110 919 1162 et
937 1105 975 1162 ob

39 1191 41 1198 ’
105 1200 136 1257 id
148 1202 303 1257 navandae
314 1219 420 1273 operae
430 1202 555 1269 avidior,
568 1202 976 1260 inconditammuttitudtnem

106 1300 201 1356 adhue
228 1299 356 1356 disiecit.
411 1301 515 1358 Florus
548 1301 668 1360 incertis
703 1302 821 1358 latebris
849 1301 976 1360 viatores

104 1399 265 1464 frustratus,
286 1407 439 1472 postremo,
460 1400 533 1458 visis
553 1400 702 1466 militibus,
717 1399 765 1474 qui
780 1400 885 1475 effugia
900 1401 976 1459 inse·

104 1497 218 1564 derant,
238 1514 291 1553 sne
306 1513 392 1554 manu
406 1497 524 1558 eeoidit.
541 1515 544 1527 ’
566 1500 651 1573 Isque
667 1499 823 1558 'l'reverioi
839 1503 975 1558 tumultus

53 1590 63 1606 ’“
105 1596 180 1654 finis.
227 1597 314 1668 Apud
345 1599 464 1654 Aeduos
491 1597 582 1654 maior
610 1600 700 1656 moles
729 1606 840 1666 exorta,
867 1604 975 1674 quanto
985 1588 1028 1648 43

105 1693 214 1752 divitas
224 1695 399 1768 opulentior,
412 1703 442 1752 et
453 1695 664 1768 comprimendi
678 1700 775 1768 prooul
791 1697 975 1770 praesidium.
999 1729 1003 1736 ·

108 1795 363 1867 Augustodunum,
376 1802 463 1868 eaput
484 1795 590 1868 gentis,
610 1795 728 1852 armatis
741 1796 908 1854 oobortibus
924 1797 976 1852 Sa·

105 1893 204 1950 erovir
216 1900 424 1964 occupaverat,
441 1899 471 1950 et
492 1894 702 1952 nobilissimam
717 1895 878 1952 Galliarum
892 1897 976 1952 subo·

104 1995 172 2058 lem,
192 1991 361 2050 liberalibus
379 1992 483 2050 studiis
505 1992 546 2049 ibi
567 2000 726 2064 operatam,
749 1999 780 2050 ot
799 2011 837 2050 eo
853 1993 974 2066 pignora

103 2097 240 2165 parentes
274 2091 505 2165 propinquosque
539 2109 636 2148 eorum
662 2093 854 2164 adiungeret.
889 2089 975 2148 simul
1074 2143 1075 2146 ,

102 2208 194 2255 arma,
222 2191 340 2246 oooulte
363 2189 513 2254 labrieata,
540 2189 686 2246 iuventuti
715 2189 856 2261 dispertit.
900 2188 976 2257 Qus·
1074 2203 1075 2266 f

101 2289 239 2363 draginta
263 2288 356 2344 millia
384 2288 473 2354 luere,
501 2288 601 2362 quinta
628 2287 673 2344 sui
701 2293 781 2359 parte
809 2283 975 2358 legionariis
1074 2321 1075 2374 3

102 2389 211 2456 armis;
240 2387 332 2444 aeteri
347 2403 412 2444 oum
429 2388 581 2444 venabulis
601 2394 631 2442 et
645 2385 755 2449 cultris,
774 2401 904 2458 quaeque
919 2381 977 2442 alia

102 2486 285 2544 venantibus
299 2487 358 2542 tela
372 2490 449 2542 sunt.
469 2479 613 2542 adduntur
626 2504 643 2542 e
657 2484 784 2542 servitiis
798 2483 976 2555 gladiaturae
1074 2487 1075 2504 l

101 2585 256 2651 destinati,
271 2584 372 2658 quibus
393 2601 471 2642 more
493 2585 621 2658 gentico,
641 2583 810 2642 continuum
826 2582 891 2640 terri
907 2581 977 2658 tegi·
1074 2623 1075 2632 ,

102 2663 183 2752 men,
208 2681 412 2759 cruppellarios
437 2687 555 2750 vocant,
582 2682 739 2740 inferendis
768 2682 873 2740 ictibus
896 2681 977 2740 inba-
1074 2679 1075 2726 i

102 2785 188 2850 biles,
217 2781 401 2854 aecipiendis
434 2781 694 2853 impenetrabiles„
711 2784 889 2855 augebantur
921 2783 977 2838 bne

103 2882 211 2955 copiae
228 2880 391 2938 virinarum
412 2879 578 2944 civitatum,
598 2887 628 2936 nl
650 2882 776 2938 nondum
797 2889 895 2953 aperta
910 2899 977 2938 oon·
1074 2891 1075 2928 1

103 2981 255 3044 sensione,
276 2979 318 3035 ita
340 2978 450 3036 viritim
477 2977 615 3048 promptis
637 2980 749 3044 studiis,
768 2987 802 3036 et·
817 2980 977 3036 certamine
1074 2995 1075 3048 j

104 3080 227 3138 Ducum
249 3078 455 3142 Romanorum,
477 3095 547 3150 quos
571 3077 648 3134 inter
667 3077 884 3151 ambigebatura
906 3085 979 3136 utro
1071 3103 1075 3148 ς

104 3197 162 3254 que
193 3179 303 3234 bellum
331 3175 388 3234 sibi
420 3182 569 3247 poscente.
605 3193 672 3233 mox
700 3177 804 3242 Varro,
832 3177 979 3234 invalidus

103 3283 241 3342 senecta,
264 3274 378 3348 vigenti
400 3274 474 3332 Silio
493 3274 648 3331 concessit.
690 3275 733 3331 At
756 3273 874 3339 Rornae,
902 3279 1034 3338 ‘nonii

135 3431 215 3480 Cnosia
221 3389 399 3486 negotiatoribus
409 3427 484 3486 Rosa]
516 3426 577 3472 Naro
594 3425 616 3470 hi
632 3427 703 3476 erant,
714 3422 752 3482 qui
762 3422 841 3468 tenore
850 3417 913 3473 gravi
932 3429 981 3476 prs·

102 3492 202 3542 nebant
212 3487 373 3557 provinciales,
384 3491 410 3534 ut
420 3499 433 3532 e
442 3485 491 3532 cte.
507 3484 523 3536 b
534 3498 553 3530 e.
565 3487 635 3544 patet.
666 3480 728 3526 Erat.
