2186 3850
85 157 157 230 362
433 179 618 230 anusurvu
804 182 834 229 s.
850 181 879 229 v.
896 183 949 231 sos.

82 333 154 394 lium
177 337 317 410 ereptum,
335 338 367 392 et
395 334 545 408 parricidii
565 335 734 408 exemplum
755 333 951 412 intelligebat.

83 433 213 494 uenus
236 450 358 510 quoque,
388 434 521 510 quamvis
547 434 665 491 nudibus
687 433 784 502 annis,
811 437 948 504 dolorem,
1066 425 1067 502 ζ

82 535 243 606 curialem,
278 533 373 592 omnis
410 533 541 592 adfectus
575 535 767 602 abscondere,
790 535 946 596 didicerat.

81 633 130 692 ltu
142 639 208 709 pont
234 636 324 692 breve
337 631 496 700 silentium,
520 632 644 706 repetita
664 634 801 691 convivii
825 635 949 692 laetitia.
1066 625 1067 696 Ῐ

32 727 153 792 ΠΝοι
166 733 270 794 eadem
290 749 395 792 necem
422 732 589 790 Britannici
601 737 631 790 et
655 751 755 806 rogum
782 733 951 802 coniunxit,

81 831 201 907 proviso
221 837 291 890 aute
314 831 427 892 funebri
451 839 560 905 paratu,
581 832 630 906 qui
651 833 781 890 modicus
805 832 871 890 fuit.
913 834 950 891 Iu

80 935 293 1005 campotamen
315 929 559 1004 Martissepultus
578 935 632 998 est,
652 931 726 988 adeo
747 932 871 989 turbidis
896 934 949 992 im·
1066 997 1067 1010 χ

80 1031 188 1099 bulbus,
218 1036 250 1088 nt
277 1031 379 1104 vulgus
402 1029 475 1086 iram
499 1029 597 1088 Deum
627 1029 764 1104 portendi
788 1031 948 1090 crediderit
1066 1011 1067 1040 ¹

79 1131 219 1188 adversus
232 1129 354 1195 facinus,
367 1127 417 1186 cui
438 1127 566 1203 plerique
589 1127 679 1188 etiam
701 1129 854 1188 bominum
867 1130 954 1204 igno*

79 1230 210 1296 scebant,
223 1229 357 1303 antiquas
383 1227 500 1285 fratrum
526 1227 686 1286 discordias
713 1233 744 1285 et
771 1229 946 1288 insociabile

79 1325 214 1402 Regnum
228 1328 423 1384 aestimantes.
466 1326 601 1384 Tradunt
614 1326 742 1401 plerique
757 1345 857 1386 eorum
877 1335 946 1386 tem·
1066 1373 1067 1390 r

78 1442 180 1500 porum
193 1425 355 1499 scriptores,
376 1423 503 1482 ‘crebris
517 1430 586 1482 ente
605 1417 852 1494 exitiumdiebus,
871 1427 947 1484 iulu-

78 1529 164 1582 ‘sum
188 1523 245 1580 isse
265 1524 407 1596 pueritiae
435 1524 602 1584 Britannici
627 1525 776 1583 Neronem
788 1523 806 1580 ε’
828 1531 859 1583 ut
885 1527 944 1584 iam

77 1639 137 1682 non
165 1627 354 1696 praematura,
382 1639 475 1700 neque
504 1641 595 1682 saeva
618 1641 695 1682 mors
723 1625 819 1682 videri
846 1631 943 1700 queat,

77 1721 209 1797 quemvis
222 1721 300 1780 inter
311 1737 395 1780 sacra
414 1739 540 1790 mensae,
556 1741 593 1780 ne
621 1728 749 1796 tempore
772 1723 890 1798 quidem
904 1724 942 1781 ad

70 1821 262 1896 ,complexum
274 1819 365 1878 sorori
378 1821 455 1888 dato,
469 1827 536 1878 ante
549 1823 648 1879 oculos
662 1821 775 1879 inimici
790 1827 943 1896 properata

77 1919 125 1986 sit,
138 1919 170 1977 in
183 1919 265 1977 illum
290 1936 454 1994 supremum
474 1919 662 1978 Claudiorum
688 1919 871 1996 sanguinem,
886 1927 945 1978 stu·
1066 1937 1067 1944 ¹

76 2036 129 2093 pro
155 2019 232 2094 prius
258 2037 343 2094 quum
371 2035 488 2076 veneno
514 2021 663 2092 pollutum.
705 2020 942 2077 Festinationem

76 2118 278 2194 exsequiarum
309 2118 408 2176 edicto
440 2117 550 2175 Caesar
572 2118 755 2187 defendite
783 2118 942 2175 maioribus

76 2215 240 2276 institutum
254 2217 388 2284 referens,
408 2217 590 2274 ‘subtrahere
604 2217 697 2274 oculis
711 2209 817 2275 acerba
830 2215 944 2286 funera,

75 2319 190 2391 ‘neque
204 2315 425 2384 laudationibus,
438 2321 488 2374 aut
502 2331 606 2392 pompa
619 2317 758 2374 detinere.
801 2316 944 2374 Ceterum
1030 2383 1033 2390 ¹

75 2419 126 2472 ‘et
139 2415 206 2483 sibi,
219 2415 326 2472 amisso
350 2415 442 2472 fratris
456 2416 576 2484 auxilio,
600 2415 724 2490 reliquos
745 2432 811 2488 spes
832 2414 865 2474 iu
879 2417 938 2474 Re·

75 2515 162 2585 ‘pub.
182 2515 268 2572 sitas:
289 2521 320 2571 et
334 2520 416 2572 tanto
439 2514 530 2588 tnagis
557 2514 715 2572 fovendum
737 2515 871 2573 Patribus
885 2515 943 2573 Po·

74 2615 218 2686 ‘putoque
232 2613 408 2687 Principem,
429 2613 478 2687 qui
502 2630 575 2670 unus
601 2619 794 2688 superessete
819 2614 944 2684 familia,

73 2715 234 2770 ‘summum
258 2714 295 2770 ad
327 2712 472 2786 fastigium
499 2709 616 2786 genitu!
675 2711 756 2770 Exin
784 2713 942 2788 largitione

25 2817 60 2876 13
73 2809 237 2885 potissimos
250 2809 408 2869 amicorum
423 2811 515 2870 auxit.
555 2812 585 2869 N
587 2828 621 2868 ec
634 2810 762 2879 defuere,
776 2812 826 2886 qui
840 2827 943 2886 argue·
1066 2813 1067 2858 ἶ

72 2916 138 2970 rent
163 2909 241 2966 viros
267 2912 443 2982 gravitatem
467 2913 683 2977 adseverantes,
702 2913 797 2984 ‘quod
824 2913 939 2981 domos,

72 3017 81 3046 ‘
96 3010 192 3076 villus,
201 3009 231 3067 id
245 3009 390 3082 temporis,
404 3011 485 3082 quasi
500 3012 633 3085 praedam
647 3009 837 3068 divisissent)
873 3011 940 3070 Alii

70 3109 277 3166 necessitatem
291 3105 450 3164 adhibitum
468 3110 625 3166 credebant
640 3127 657 3166 a
672 3109 819 3182 Principe,
844 3111 939 3168 scele-

69 3207 110 3262 ris
133 3205 189 3261 sibi
203 3204 322 3260 conscio
343 3207 374 3258 et
388 3203 506 3260 veniam
533 3213 679 3278 sperante,
692 3206 718 3263 si
732 3207 937 3281 largitionibus

69 3301 278 3356 ualidissimum
296 3315 436 3373 quemque
463 3301 677 3360 obstrinxisset.
720 3308 763 3363 At
778 3305 878 3362 matris
893 3305 938 3364 ira

66 3397 148 3456 nulla
172 3395 369 3456 munificentia
393 3393 487 3464 leniri,
515 3399 568 3456 sed
590 3400 732 3474 amplecti
760 3402 935 3464 Octaviam:
