2134 3826
100 215 127 260 a.
144 211 172 260 u.
192 211 228 258 rr.
324 208 395 255 nra.
423 207 462 255 11.
514 205 592 254 ose.
618 186 787 254 cta-lb.
926 181 975 252 97

102 383 167 424 oum
182 361 300 422 studiis.
342 359 495 427 Tiberius,
507 363 540 418 ut
558 359 701 434 proprium
716 365 747 416 et
760 356 806 416 sui
818 357 976 433 sanguinis,

102 465 232 522 Drusum
247 462 369 519 fovebat
383 480 390 516 ι
402 458 580 518 Germanico
593 458 733 516 alienatio
746 457 840 532 patrui
850 473 977 516 amorem

102 563 179 636 apud
203 567 322 618 eeteros
349 567 490 628 auxerat;
513 565 544 614 et
569 557 637 632 quia
656 555 830 614 claritudine
854 553 978 614 materni

104 661 220 736 generis
248 659 390 727 anteibat,
419 673 508 714 avum
536 655 578 713 M.
602 655 775 724 Antonium,
800 656 979 714 avuooulum

106 761 274 832 Augustum
294 757 398 814 terens.
419 761 522 814 eontra
543 756 640 812 Druso
660 771 784 828 proavus
807 771 896 830 eques
922 754 980 812 llo·

105 875 207 916 manus
246 855 424 928 Pomponius
453 853 581 920 Atticos,
607 853 751 910 dadeoere
789 853 979 912 Claudiorum

19 1021 23 1032 ‚
105 955 249 1031 imagines
264 954 428 1012 videbatur.
448 957 479 1010 et
491 953 622 1010 coniunx
636 951 817 1022 Germanioi,
843 951 980 1026 Agrippi·

106 1072 154 1122 na,
179 1052 364 1112 fecunditate
392 1069 427 1110 ao
455 1051 531 1110 lama
564 1051 694 1118 Liviam,
730 1067 850 1110 uxorem
882 1049 981 1118 Drusi,

108 1151 316 1228 praecellebat,
336 1151 387 1208 sed
401 1151 501 1208 fratres
514 1150 632 1226 egregie
646 1151 816 1217 concordes,
839 1154 871 1207 et
885 1148 980 1222 proxi·

108 1268 219 1310 morum
245 1250 455 1308 certaminibus
482 1249 659 1308 inooooussi.
708 1249 775 1308 Neo
799 1251 890 1308 mullo
917 1240 1034 1322 portat

106 1350 218 1410 Drusus
233 1350 263 1406 in
280 1335 439 1422 Illyricum¹
450 1348 553 1406 missus
573 1355 627 1415 est,
641 1356 673 1406 ut
687 1353 834 1408 suesceret
848 1347 981 1426 militiae,

107 1449 260 1522 studiaque
282 1445 429 1504 exereitus
449 1453 577 1520 pararet;
597 1446 682 1506 simul
706 1447 851 1516 iuvenem,
872 1451 982 1506 urbano

72 1528 76 1534 ’
108 1548 176 1604 lusu
191 1544 411 1612 lascivientem,
426 1547 527 1604 melius
553 1546 699 1604 incastris
717 1549 817 1605 baberi
832 1547 981 1614 Tiberius,

107 1662 193 1721 esque
209 1644 347 1702 tutiorem
362 1646 476 1702 rebatur
495 1651 615 1720 utroque
629 1645 690 1702 filio
704 1646 834 1722 legiones
847 1645 981 1704 obtinen-

109 1747 147 1802 te.
190 1744 253 1800 Sed
270 1742 363 1800 Suevi
376 1745 648 1816 praetendebantur,
674 1744 816 1804 auxilium
838 1745 980 1802 adversus

111 1841 279 1904 dberuaoos
305 1847 434 1898 orantes.
461 1859 529 1900 nam
555 1841 684 1900 discessu
711 1844 917 1909 Romanorum,
944 1857 980 1900 aa

109 1941 198 1998 vanui
222 1945 349 1996 externo
376 1945 464 2008 metu,
496 1939 593 2014 gentis
627 1943 827 2010 adsuetudine,
854 1947 885 1998 et
918 1951 980 1998 tum

108 2038 308 2098 aemulatione
321 2038 430 2112 gloriae
445 2055 524 2096 arma
537 2039 580 2096 in'
596 2057 628 2096 se
653 2047 812 2098 verterant.
828 2039 873 2098 vir
888 2040 980 2098 natio·

108 2155 188 2205 num,
204 2137 299 2194 virtus
313 2139 418 2194 alueum
432 2137 464 2194 in
474 2154 582 2211 aequo:
597 2139 649 2196 sed
665 2137 875 2196 Mamboduum
891 2137 981 2211 Regis

109 2251 220 2292 nomen
247 2233 376 2290 invisum
400 2235 474 2306 apud
516 2237 696 2307 populares,
731 2232 906 2298 Arminium,
931 2248 982 2304 pro

108 2333 248 2390 libertate
262 2333 429 2398 bellantem,
440 2332 523 2414 lavor
536 2333 671 2390 habebat.
713 2331 806 2404 Igitur
820 2348 879 2388 non
895 2330 982 2388 modo
991 2342 1031 2401 45

112 2431 260 2490 Gbernsoi
271 2431 401 2504 sociique
415 2448 524 2496 eorum,
538 2438 623 2490 vetus
638 2431 764 2490 Arminii
778 2430 871 2498 miles,
887 2445 981 2502 sump-

110 2547 175 2587 sere
190 2531 322 2586 bellom:
340 2531 423 2588 sede
447 2547 537 2605 regno
560 2532 651 2588 etiam
676 2529 848 2588 Marobodui
863 2529 981 2588 Suevae

111 2635 226 2700 gentes,
248 2628 409 2690 Semnones
422 2645 458 2686 ao
486 2629 680 2702 Langobardi,
693 2629 825 2688 delebere
845 2631 881 2686 ad
903 2645 980 2686 aum.

111 2725 215 2800 quibus
227 2726 342 2792 additia,
358 2729 564 2799 praepollebat,
578 2729 609 2784 nl
634 2728 831 2801 Inguiomerus
842 2745 908 2786 oum
923 2743 981 2786 ma·

111 2840 152 2880 nu
165 2822 321 2882 clientium
332 2826 369 2882 ad
385 2824 593 2884 Maroboduum
612 2825 799 2901 perfugisset3
819 2827 980 2886 nonullam

141 3015 252 3063 Drusum
260 3016 361 3076 fouebat]
394 3017 474 3066 roem
492 3019 588 3080 oliguem
604 3019 696 3067 Tacitus
713 3019 768 3066 dicit
783 3034 825 3080 pro
843 3020 920 3066 lavere
939 3018 979 3066 ali·

111 3074 155 3122 etri.
169 3075 206 3119 a'ie
217 3075 275 3121 intra
283 3089 302 3122 e.
314 3080 347 3122 tl.
358 3075 379 3121 ri
385 3091 420 3122 me
428 3079 507 3134 potior,
518 3080 705 3137 prtumsortoaom
711 3077 907 3135 maomsovrbntir.
918 3077 978 3124 Em.

112 3155 222 3257 brm'm
232 3151 266 3220 Μ.
278 3155 429 3260 Antorta'amb'
445 3157 488 3226 Tu,
499 3157 569 3218 quiin
586 3158 676 3204 historia
692 3158 744 3212 tiro,
756 3158 817 3226 'haee
827 3163 879 3225 pete
897 3171 924 3201 ex
934 3157 980 3202 ‘l'a-

137 3211 151 3255 d
161 3229 166 3253 ι
178 3223 253 3271 surpra
269 3215 390 3272 Augustae,
424 3215 493 3261 rdebrs
508 3223 590 3269 antem,
602 3218 740 3264 avunculum
755 3215 854 3270 intellegi
870 3226 980 3270 moroan·

111 3270 199 3375 fflm.
233 3269 295 3328 bap.
335 3271 394 3320 Vide
412 3273 512 3322 Stemma
529 3281 643 3334 Augustae
660 3275 738 3322 domos
757 3273 808 3320 huie
826 3273 899 3318 Tomo
917 3281 979 3327 prae·

155 3424 228 3466 von.
244 3427 273 3466 r.
550 3449 554 3458 -
589 3414 608 3466 d
