2134 3826
94 237 165 306 100
223 311 230 322 ,
414 259 599 311 anunmvn
812 263 844 308 ,a
858 259 890 308 v.
907 263 957 310 nc.

86 411 120 470 ts
142 409 241 478 ordeo,
263 427 332 488 quac
347 409 432 489 pinna
441 410 571 490 fuerim.-
590 408 729 491 effultum
748 411 823 470 inter
843 416 960 472 ruinam

88 509 176 586 igme,
189 515 357 570 memorant.
399 511 566 584 Asperrima
581 513 611 568 in
635 511 791 570 Sardianos
813 515 877 570 lues
899 515 959 584 plu·

90 609 237 668 rimumln
262 611 379 668 eosdem
403 610 618 668 misericordiae
640 611 737 668 traxit.
752 629 821 668 nam
844 611 959 670 centies
1061 625 1062 628 ’

81 709 253 789 sestertium
269 708 414 780 pollicitus
434 711 553 776 Caesar,
566 715 605 775 et,
619 717 757 785 quantum
781 709 894 768 aerario
909 714 960 786 aql
1061 725 1062 732 ¹

87 809 162 866 fisco
179 811 353 882 pendebant,
367 809 397 866 iu
422 809 649 883 quinquennium
673 809 793 866 remisit.
836 809 958 884 Magna·

91 913 134 965 les
162 925 180 965 a
208 907 313 982 Sipylo
340 908 464 981 proximi
491 909 662 966 (lampone
690 908 818 966 remedio
853 907 956 967 habili.

90 1007 244 1073 Temnios,
259 1007 514 1078 Philadelphenos,
530 1008 688 1080 Aegeatas,
700 1007 960 1080 Apollonidenses,

89 1105 194 1180 quique
216 1105 345 1164 Mosteni
359 1123 394 1162 ac
410 1105 590 1162 Macedones
606 1105 739 1179 Hyrcani
760 1113 913 1173 vocamur,
928 1111 959 1162 et
1061 1147 1062 1156 η

91 1205 356 1272 Hierocaesaream,
380 1205 538 1279 Myrinam,
552 1206 678 1278 Cymen,
700 1205 848 1272 Tmolum,
865 1205 958 1262 levari

89 1303 166 1360 idem
180 1305 212 1360 in
227 1309 339 1376 tempus
354 1304 476 1370 tributis,
497 1303 628 1376 mittique
642 1322 680 1360 ex
702 1305 812 1360 Senatu
838 1305 958 1378 placuit,

88 1402 137 1474 qui
152 1402 315 1473 praesentia
328 1409 474 1474 spectaret
487 1403 692 1474 relovetetque.
708 1403 840 1459 delectus
854 1407 899 1458 est
914 1403 958 1460 M.

90 1503 195 1558 Alelus
209 1519 226 1556 e
241 1500 400 1572 praetoriis,
415 1519 462 1567 ne,
487 1501 649 1558 consulari
665 1501 817 1558 obliuculc
843 1501 958 1570 Asiam,

88 1597 246 1656 aemulatio
259 1597 336 1654 inter
350 1616 433 1672 pares
446 1605 477 1656 et
490 1617 528 1656 ex
549 1616 586 1656 eo
606 1599 846 1672 impedimentum
870 1601 959 1656 orire·

36 1706 76 1763 48
89 1701 143 1754 tur.
184 1695 375 1770 Magnificam
409 1697 441 1754 in
476 1697 623 1771 publicum
659 1697 842 1772 largitionem
875 1699 960 1762 nuxit
1061 1771 1062 1782 ἵ

89 1796 199 1855 Caesar
225 1797 302 1854 haud
336 1796 432 1854 minus
455 1802 537 1872 grata
564 1796 749 1864 liberalitate,
776 1799 852 1870 quod
881 1799 961 1856 bona
1061 1797 1062 1830 ³

90 1895 237 1954 Aemiliae
247 1895 360 1964 illusae,
371 1895 523 1969 locupletis
532 1895 697 1964 intestatae,
706 1895 797 1970 petita
807 1896 837 1954 io
846 1897 960 1965 liscum,

15 1991 16 1996 ’
90 1994 221 2054 Aemilio
234 1995 358 2069 Lepido,
372 1995 485 2052 cuiuse
509 1995 596 2052 domo
610 1995 771 2063 videbatur,
785 2002 815 2052 et
840 1995 960 2054 Patulei

89 2093 193 2152 divitia
207 2094 312 2169 equitis
327 2093 453 2152 Romani
477 2093 679 2159 hereditatam,
703 2111 875 2168 quamquam
894 2094 959 2168 ipse
1061 2119 1062 2122 ¹

89 2195 173 2252 heres
193 2193 224 2252 in
238 2199 320 2267 parte
334 2195 486 2267 legeretur,
512 2192 631 2249 tradidit
655 2192 699 2250 Μ.
716 2192 854 2258 Servilio,
869 2211 957 2268 quem
1061 2195 1062 2264 ᾗ

89 2293 240 2366 prioribus,
255 2311 348 2368 neque
362 2289 515 2364 suspectio,
525 2290 632 2348 tabulis
655 2288 794 2362 scriptum
809 2307 959 2364 compere-

90 2398 134 2450 rat
149 2389 339 2460 mobilitatem
348 2388 492 2466 utriusque
498 2387 617 2465 pecunia
630 2386 789 2456 iucundum,
799 2390 956 2462 praelatus.
1061 2397 1062 2400 ’

90 2491 196 2566 Neque
222 2491 414 2548 hereditatem
427 2488 595 2562 cuiusquam
610 2487 692 2556 adiit,
707 2487 763 2546 nisi
777 2505 844 2546 cum
858 2488 960 2546 amici·

90 2587 132 2645 tia
151 2588 310 2646 meruisset.
325 2587 440 2660 ignotos
454 2591 484 2644 et
498 2587 564 2644 aliis
582 2586 719 2654 inleuaos,
740 2603 832 2662 eoque
846 2587 961 2646 Princi-

90 2705 157 2760 pem
179 2671 390 2758 nuncupantes,
411 2688 510 2758 procul
532 2687 656 2744 arcebat.
700 2685 847 2754 Ceterum,
863 2670 895 2744 ut
910 2687 960 2744 ho·

90 2790 203 2848 nestum
226 2783 428 2841 innocentium
454 2789 653 2857 paupertatem
674 2783 795 2852 levavit,
809 2784 851 2840 ita
866 2785 962 2857 prodi·

89 2901 142 2958 gos
169 2888 199 2939 et
232 2885 270 2940 ob
298 2883 408 2956 flagitia
441 2889 562 2956 egentes
596 2883 750 2941 Vibidium
783 2883 961 2950 Varronem,

91 2981 217 3041 Illarium
241 2981 397 3056 Nepotem,
420 2981 549 3054 Appium
577 2981 754 3055 Appianum,
787 2981 961 3040 Cornelium

85 3067 212 3148 Sullam,
228 3081 265 3152 Q.
280 3079 437 3139 Vitellium
450 3079 542 3138 movit
558 3081 679 3147 Senatu,
693 3085 743 3137 aul
756 3085 860 3154 spronle
874 3083 962 3139 cede·

90 3196 120 3237 re
135 3195 234 3250 passus
248 3183 302 3234 est.

38 3284 78 3340 49
130 3276 238 3331 lisdem
252 3273 427 3345 temporibus
441 3274 538 3330 Deum
552 3276 649 3342 aedes,
663 3279 809 3332 velustate
823 3282 875 3334 ant·
896 3277 961 3354 igni

89 3372 223 3439 abolitas,
247 3375 421 3443 coeptasque
436 3372 473 3426 ab
489 3372 640 3442 Augusto,
661 3373 822 3440 dedicavit,
846 3366 959 3436 Libero
1012 3383 1019 3395 ⁶
1061 3357 1062 3374 Χ

90 3469 271 3542 Liberaeque
285 3472 316 3523 et
338 3467 438 3524 Cereri
452 3467 535 3525 iuxta
558 3467 668 3544 circum
688 3471 857 3542 maximum,
872 3475 962 3554 quem
