2164 3846
123 225 256 280 noser.
366 229 437 278 ara.
462 229 509 280 va
560 213 711 297 orati.
738 209 797 278 46.
938 207 1013 280 269

123 381 158 441 Ρ.
192 384 367 447 Petronius.
415 385 455 442 Et
485 401 540 458 pro
570 384 691 460 ingenio
709 385 848 460 cuiusque
883 385 1010 460 quaesiti

122 484 303 560 decretique
335 483 365 541 in
401 484 570 558 Principem
603 486 736 542 bonores.
771 501 842 558 quos
876 483 1009 542 omiserit

121 585 328 658 receperitve,
347 583 379 642 in
407 583 522 640 incerto
550 583 613 651 luit,
633 585 672 642 ob
706 584 896 658 propinquum
926 583 1007 640 vitae

120 683 229 742 tinem.
277 685 384 759 Neque
411 685 491 742 enirn
512 686 603 742 multo
631 690 695 758 post
728 683 855 758 supremi
883 682 1012 739 'l'iberio

125 782 296 852 Consules,
317 784 372 841 On.
391 784 578 850 Acerronius,
600 783 636 840 C.
652 783 782 851 Pontius,
804 782 1007 856 Magistratum

122 897 296 956 accepere3
316 881 405 938 nimia
427 881 488 940 iam
515 881 648 954 potentia
680 865 839 948 Macronis,
872 882 924 956 qui
943 897 1007 956 gre

120 979 198 1038 tiam
222 980 258 1039 0.
280 981 424 1046 Caesaris,
456 997 612 1056 nunrquam
632 981 691 1040 sibi
711 984 885 1056 neglectam,
908 979 1008 1038 aurius

123 1078 248 1138 indies
283 1079 411 1146 fovebat,
445 1081 656 1154 inpuleratque,
677 1085 742 1154 post
771 1085 893 1138 mortem
917 1080 1004 1138 Clau·

30 1180 32 1186 ’
123 1178 207 1246 diae,
228 1195 316 1254 quam
348 1186 467 1252 nuptam
500 1179 530 1236 ei
551 1179 646 1246 retuli,
680 1195 801 1236 uxorem
831 1195 912 1250 suam
944 1177 1006 1236 En·

124 1277 221 1345 niam,
257 1277 433 1337 inmittendo
452 1266 550 1336 amore
574 1277 714 1335 iuvenem
742 1277 875 1345 inlicere,
906 1281 1004 1350 pacto·

127 1393 186 1450 que
221 1369 401 1434 matrimonii
443 1377 568 1444 vincire,
602 1377 674 1436 nibil
717 1378 903 1445 abnuentem,
928 1378 1004 1436 duna

126 1475 341 1534 dominationis
361 1475 548 1548 apisceretur.
591 1477 678 1542 Nam,
698 1475 754 1534 etsi
778 1485 940 1536 commotus
959 1477 1003 1536 iu·

128 1578 227 1650 genio,
249 1573 465 1634 simulationum
486 1581 585 1632 tamen
603 1575 676 1632 tarsa
696 1575 726 1632 iu
745 1577 811 1634 sinu
838 1577 889 1636 avi
909 1575 1003 1652 perdi-

129 1675 252 1732 uicerat.
283 1675 426 1731 'Gnarum
448 1675 503 1730 boc
525 1674 666 1748 Principi,
685 1691 776 1750 eoque
797 1677 945 1736 dubitavit
964 1678 1058 1741 detti

128 1774 270 1831 tradenda
291 1773 365 1846 Rep.
386 1771 508 1846 primum
522 1773 600 1830 inter
614 1781 750 1848 nepotes:
764 1793 884 1850 quorum
904 1777 1002 1835 Druso

130 1871 258 1946 genitus,
278 1872 421 1948 sanguine
452 1879 482 1929 et
502 1870 625 1930 caritate
650 1874 772 1948 propior,
791 1877 844 1934 sed
872 1877 1001 1934 nondum

128 1973 309 2045 pubertatem
331 1971 494 2044 ingressus:
515 1971 685 2030 Germanici
707 1973 767 2030 lilio
791 1975 877 2032 robur
896 1974 1000 2032 iuven·

129 2075 185 2137 tae,
199 2068 281 2144 vulgi
290 2069 393 2131 studia.
405 2087 498 2145 eaque
507 2073 583 2144 apud
594 2087 681 2130 avum
690 2072 750 2129 odii
763 2089 875 2134 caussa.
900 2073 1004 2132 Ellam

124 2169 162 2226 sle
187 2169 314 2227 Claudio
347 2169 482 2244 agitanti,
514 2171 589 2244 quod
624 2173 659 2238 is,
700 2173 862 2245 composita
892 2177 998 2241 aelate,

127 2268 268 2325 bonarum
299 2268 402 2350 artium
421 2268 544 2342 cupiens
568 2276 639 2338 erat,
662 2262 808 2328 inminuta
831 2287 913 2330 mens
934 2273 1002 2330 eine

53 2395 56 2399 ⁴
124 2366 248 2424 obstitit.
289 2367 343 2424 Sin
374 2373 458 2425 extra
489 2369 607 2432 domurn
627 2385 782 2427 successor
803 2377 1002 2444 quaereretur,

125 2482 164 2522 ne
179 2465 317 2522 memoria
340 2466 475 2540 Augusti,
495 2485 533 2524 ne
553 2484 661 2524 nomen
682 2467 842 2527 ansamm
872 2469 903 2527 in
924 2470 1001 2528 ludi·

123 2563 187 2622 bria
206 2569 237 2620 el
251 2565 443 2623 contumelias
468 2570 626 2634 verterent,
647 2569 803 2626 metuebat.
824 2567 930 2643 qnippe
950 2567 1000 2626 illi·

125 2680 183 2720 non
205 2663 325 2736 perinde
345 2679 432 2722 curae
451 2665 544 2740 gratia
559 2669 764 2739 praesentium,
784 2669 911 2742 quamin
931 2687 1000 2744 pos·

120 2764 195 2819 toros
217 2762 346 2818 ambitio.
397 2762 470 2820 Mox
492 2765 623 2822 incertus·
641 2765 742 2830 animi,
764 2765 841 2824 sesso
860 2785 985 2843 corpore

125 2861 288 2928 eonsilium,
309 2860 358 2918 oui
389 2861 474 2936 inpar
493 2868 565 2930 erat,
584 2863 645 2922 lato
666 2865 793 2938 permisit
805 2886 819 2937 ς.
847 2867 933 2926 iactis
954 2875 998 2926 ta·

1 2901 6 3034 i
124 2976 193 3016 men
214 2958 346 3025 vocibus,
366 2975 417 3032 per
436 2977 506 3034 quas
526 2961 737 3036 intelligeretur
766 2966 901 3039 providus
920 2967 998 3025 iutu-

2 3068 7 3171 .
122 3073 226 3116 rorum.
287 3058 422 3131 Namque
454 3058 598 3126 Macroni,
631 3079 691 3120 non
725 3065 825 3122 abrlila
859 3069 997 3139 ambage,

4 3220 5 3224 η
121 3152 295 3212 madenam
307 3153 343 3212 ab
363 3173 395 3212 se
416 3153 514 3222 deseri,
541 3155 683 3216 Orienbm
704 3166 829 3238 specim
845 3161 997 3239 exprobro·

151 3307 277 3356 Commotus
285 3308 385 3370 ingenio]
416 3308 432 3356 i.
442 3323 462 3356 e.
472 3309 607 3368 Vehemens,
615 3313 740 3371 imnrndns,
750 3317 820 3375 teror,
829 3321 871 3364 etc.
883 3313 942 3362 uode
951 3327 995 3376 ape

126 3367 199 3414 Cicer.
216 3367 239 3412 in
250 3363 343 3414 brute.
354 3371 388 3415 34.
399 3367 638 3427 iuugunturferuida'nr
652 3377 672 3416 et
681 3375 811 3418 mmnntioe.
842 3373 901 3417 Em.

5 3406 8 3491 i
149 3443 310 3504 Gannamboa]
343 3445 794 3505 latierooisetlervidiorisingeaiierra
803 3446 998 3504 uelamenti·
1079 3469 1080 3496 r

7 3500 8 3526 ¹
124 3501 435 3621 rnsvffimiflbnmmudo.
461 3503 523 3553 Em.
572 3559 644 3618 23*
1079 3513 1080 3524 ¹
