2186 3850
120 265 149 313 s.
165 265 195 314 c.
212 269 253 313 sr.
361 265 431 312 urs.
450 265 513 314 ru.
564 263 643 314 cae.
662 245 831 316 38.-40.
932 247 1004 318 327

117 432 160 484 su,
189 424 222 476 et
253 418 420 495 aliquando
445 419 556 496 ignaris
580 421 722 480 Ducibus.
776 423 823 480 Ac
850 423 1007 494 praecipua
1086 415 1087 422 '

89 518 256 576 ,Silurum
279 519 462 592 perriensis.
483 537 554 594 quos
577 523 760 580 accendebat
781 523 900 594 vulgata
915 522 1009 594 imps-

116 621 230 676 ratoris
257 619 350 689 Πρω.
372 637 451 677 vex:
471 625 504 676 sd
527 617 666 695 quondm
697 617 852 696 Segcrrsdri
877 618 963 677 excisi
981 625 1008 677 et

114 713 297 776 inciuilius
320 717 434 776 traiecti
436 718 545 797 srrnd,
557 721 601 777 ita
627 717 754 778 Silarum
774 735 873 775 numm
894 716 1008 794 penitam

116 815 369 892 arrangement
412 819 506 892 Igitur
522 819 593 876 duas
608 819 764 876 auxiliares
777 819 922 882 cohortes,
936 833 1005 874 ava·

117 915 189 974 ritis
205 918 436 976 Praefectcmm
450 918 598 976 incautius
614 921 801 991 populantes,
823 919 1009 989 intercepere

115 1017 280 1093 spoliaque
289 1024 320 1074 et
334 1019 469 1091 captivos
479 1019 638 1092 largiendo,
649 1025 880 1092 ceterasquoque
892 1016 1005 1074 ustion-

118 1131 152 1170 es
168 1117 209 1173 ad
241 1117 446 1174 deiectionem
467 1115 620 1174 trahebant
632 1133 736 1183 ecum,
758 1117 855 1178 taedio
874 1133 1008 1174 curarum

115 1213 226 1280 heus,
248 1215 386 1272 Ostorius
408 1217 557 1273 concessit
579 1215 663 1284 vilar
686 1215 769 1272 laetis
782 1215 921 1280 hostibus,
935 1219 1008 1272 tam·

116 1327 209 1385 quam
226 1315 348 1372 Ducem
363 1315 440 1372 haud
460 1316 664 1386 spernendum,
679 1320 710 1370 et
730 1315 755 1370 si
782 1331 840 1372 aon
855 1313 1006 1388 proelium,

117 1416 255 1470 atcerte
272 1415 388 1481 bellum,
417 1414 635 1487 absumpsisset.
678 1415 720 1472 At
740 1413 859 1480 Caesar,
885 1412 1005 1486 cognita
1015 1407 1057 1464 40

118 1517 220 1568 marte
251 1511 370 1586 Legati,
386 1529 423 1570 ue
449 1513 604 1586 provincis
631 1513 695 1570 sine
719 1521 831 1569 rectore
859 1511 942 1578 soret,
966 1512 1006 1569 A.

120 1605 257 1669 Didium
271 1601 394 1669 suffecit.
437 1613 467 1670 is
491 1629 612 1685 propere
637 1619 750 1677 vectus,
771 1605 830 1670 r'rou
850 1619 947 1670 tamen
961 1611 1005 1668 iu·

119 1707 225 1781 tegras
249 1727 295 1766 res
316 1711 442 1779 invenit,
462 1713 585 1769 adversa
608 1712 726 1770 interim
754 1712 878 1787 legionis
900 1709 1005 1785 pugni,

120 1807 172 1864 cui
199 1809 332 1867 Manlius
347 1811 461 1868 Valens
476 1818 616 1884 praeerat.
637 1819 779 1888 auctaque
800 1819 829 1872 et
844 1811 919 1885 apud
942 1812 1006 1872 lton

37 1980 44 1988 ¹
119 1906 168 1966 ies
183 1908 251 1966 eiua
262 1907 305 1965 rei
317 1909 405 1976 lama,
425 1925 482 1984 quc
495 1909 666 1968 venientem
683 1911 797 1968 Ducem
810 1913 1003 1976 exterrerent,

120 2012 214 2083 atque
230 2009 284 2065 illo
297 2013 424 2082 sugente
445 2009 553 2076 audita,
581 2015 612 2067 ut
629 2011 720 2066 msior
748 2011 809 2066 laus
823 2009 1003 2080 compositis,

123 2109 225 2180 vulsi
245 2110 441 2172 duravissent,
471 2109 559 2166 venia
580 2109 682 2165 iustior
705 2108 884 2166 tribueretur.
928 2107 1003 2165 Silu-

123 2223 173 2266 res
188 2209 219 2265 id
248 2225 360 2282 quoque
374 2209 511 2264 damnum
527 2209 701 2278 intulerant3
721 2209 837 2281 lateque
865 2209 1003 2280 persulta-

122 2307 209 2373 bant,
236 2307 331 2364 donec
359 2309 481 2364 adcursu
507 2307 590 2365 Didii
616 2307 802 2380 pellerentur.
846 2307 915 2373 Sed,
937 2311 1002 2379 post

98 2413 251 2480 -captum
277 2407 481 2472 Garactacum,
503 2406 674 2478 praecipuus
691 2403 820 2463 scientia
833 2405 876 2462 rei
897 2406 1002 2464 milita·
1086 2427 1087 2430 ¹

126 2505 169 2564 ris
190 2505 348 2571 Venutius,
382 2525 400 2562 e
429 2506 601 2579 Brigantum
621 2505 755 2572 civitate,
776 2509 807 2561 ut
830 2521 916 2578 supra
944 2523 1002 2564 ure·

125 2603 253 2672 moravi,
274 2605 402 2678 fidusque
429 2605 480 2662 diu
504 2611 534 2660 et
563 2603 705 2661 Romanis
738 2605 825 2660 armis
854 2604 1001 2674 defensus,
1054 2615 1058 2620 '

127 2713 201 2762 cum'
226 2703 480 2760 Cartimanduam
503 2703 634 2776 reginam
663 2702 847 2760 matrimonio
866 2709 1000 2781 teneret:

125 2809 275 2860 mcxortc
301 2803 436 2868 discidio,
457 2809 488 2858 et
514 2803 613 2858 stetim
638 2803 725 2866 bello,
752 2802 840 2859 etiam
862 2805 1000 2863 adversus

125 2917 180 2959 nos
195 2901 312 2958 hostilia
325 2901 467 2958 induerat.
510 2901 568 2957 Sed
584 2899 676 2972 primu
698 2906 810 2959 tantum
832 2903 909 2962 iuter
922 2905 1001 2977 ipsos

127 3003 303 3067 certabatur,
317 2998 488 3074 callidisque
508 3000 732 3057 Cartismaudua
752 3002 861 3060 artibus
884 2989 1001 3062 [latrem

127 3115 164 3156 ac
204 3099 378 3174 propinquos
416 3099 535 3156 Venutii
568 3099 732 3193 intercepit.¹
773 3102 847 3158 inde
881 3103 1001 3158 accensi
1032 3097 1036 3104 ’

127 3198 237 3266 hoster,
272 3197 440 3255 stimulante
468 3197 697 3270 ignominiane
724 3197 850 3257 lemicae
876 3199 999 3270 imperio

153 3351 228 3405 aaran
240 3352 368 3422 manerem]
402 3351 499 3398 inlibris
513 3351 630 3398 annalium
644 3352 776 3411 deperditis,
786 3352 808 3398 in
819 3351 897 3412 quibus
907 3358 999 3401 usrrata
1086 3377 1087 3420 ᾗ

128 3409 259 3459 Brrtannica
269 3412 396 3470 expeditam
413 3411 441 3454 de
451 3425 495 3469 qus
505 3423 544 3455 ucs
559 3413 582 3454 in
592 3411 774 3468 Supplementum
798 3410 877 3454 Annal.
900 3409 940 3456 lX.
960 3417 997 3460 ⁶5.
1086 3423 1087 3434 ¹

127 3475 152 3516 et
166 3481 227 3528 seqq.
260 3469 296 3514 De
305 3469 406 3515 Venusio
415 3469 489 3514 adhuc
498 3467 563 3516 int'ra,
572 3465 632 3512 Hist.
646 3468 687 3511 ΙΙΙ.
698 3470 733 3510 45.
766 3466 829 3510 Brct.

160 3545 306 3602 Nescmr'rrce
320 3543 599 3645 imperia-subderentur}
616 3541 711 3592 Vereor,
729 3541 816 3606 Tacite,
837 3545 862 3584 ut
878 3555 939 3588 meus
955 3545 998 3611 tibi

129 3615 242 3666 praescus.
273 3603 552 3660 lutprsmorrbur,ncnrn
582 3603 719 3646 rasurarum
727 3596 918 3653 turraneumlraec
927 3615 986 3656 srrrp
