2172 3842
5 175 8 330 l
91 243 158 296 triti
188 287 191 290 .
412 241 634 296 Pusnrsrro.

5 393 6 440 t
96 397 164 483 pari
180 396 335 461 brevitate
353 397 546 485 descripsit,¹
563 407 627 462 tum
644 404 678 460 ut
694 415 802 460 eorum
817 397 964 464 laudibus

49 555 53 570 .
90 503 440 587 attolleretTrajanum,
457 505 607 582 defuncto
625 505 745 581 Nerva,
761 525 865 568 rerum
879 505 960 591 poti·

90 619 167 688 tum,
183 611 412 694 Germanisque
429 611 638 686 formidatum,
660 633 739 694 qnos
755 611 837 674 inter
852 613 959 676 adhuc

89 721 212 801 agebat,
224 727 288 790 tum
302 727 335 780 ut
349 717 484 792 Urbem,
498 719 572 780 luxu
585 727 617 780 et
628 717 751 780 deliciis
763 717 904 794 fractam,
918 717 959 782 ad
989 791 995 806 .

88 825 196 888 viriles
213 845 323 887 sensus
347 824 553 890 aemulatione
577 833 778 909 provocaret.
826 823 902 886 Plus
918 823 959 886 ad

88 949 145 994 nos
163 931 302 995 utilitatis
319 930 474 1016 pervenit.
515 929 704 994 Germanica
719 932 801 994 enim
818 930 959 1007 libertas,

88 1038 181 1122 cnjus
197 1037 261 1100 vim
277 1035 412 1100 Tacitus
436 1042 679 1122 praesenserat,⁹
694 1038 746 1100 diu
764 1058 835 1100 cum
861 1037 960 1122 impe·

87 1145 136 1208 rio
160 1144 303 1207 Romano
330 1144 458 1219 luctata,
484 1163 521 1206 ac
552 1143 677 1207 tandem
707 1143 836 1218 victrix,
863 1164 961 1225 regna

88 1250 318 1338 imperiumque
341 1236 484 1312 condidit
510 1249 575 1312 suis
598 1250 720 1330 legibus
742 1257 960 1335 attemperata,

89 1365 121 1419 et
137 1357 217 1418 ultra
239 1365 381 1434 veterum
399 1355 642 1418 dominationum
666 1357 844 1418 memoriam
867 1357 958 1438 longe
1016 1415 1019 1420 ,

89 1461 300 1550 perennanda.
323 1503 327 1513 .
348 1463 453 1534 Quam
470 1461 563 1546 jurat
578 1469 731 1524 tantarum
747 1483 849 1526 rerum
866 1463 958 1546 origi·

89 1591 172 1645 nem,
195 1568 495 1654 apraestantissimo
518 1569 673 1654 scriptore
698 1569 853 1645 traditam,
874 1569 959 1632 evol·

89 1697 192 1752 vere3
230 1673 350 1760 publici
388 1675 578 1758 privatique,
616 1696 679 1758 qno
718 1676 845 1749 utimur,
872 1674 955 1758 juris

89 1781 192 1845 fontes
208 1781 352 1867 aperire3
375 1789 500 1843 nostrae
517 1781 643 1862 gloriae,
657 1790 780 1844 nostrae
797 1781 957 1844 felicitatis

90 1889 325 1952 fundamentum
342 1887 433 1950 simul
450 1894 481 1950 et
499 1895 704 1950 tutamentum
721 1887 864 1950 meditari
881 1889 888 1949 !

135 1996 197 2059 His
213 1995 383 2058 acerrimae
401 1995 511 2056 mentis
527 1993 676 2079 operibus
701 1994 784 2056 haud
806 1995 958 2080 impedita

89 2101 275 2166 loristndia.
309 2101 454 2184 Cumque
469 2101 540 2164 Arri
554 2100 856 2177 MariumPriscum,
871 2102 958 2164 Afri·
1008 2130 1011 2134 ’

90 2229 147 2272 cae
170 2208 401 2295 proconsulem,
429 2208 573 2293 pecuniis
602 2207 644 2269 ob
675 2208 857 2270 innocentes
884 2229 958 2272 con·
1021 2284 1025 2288 .

89 2315 294 2390 demnandos,
321 2313 554 2378 interficiendos
581 2315 686 2390 etiam,
713 2315 857 2400 acceptis
884 2315 959 2377 inla-

88 2443 180 2500 mem,
211 2429 425 2496 accusassent,
457 2430 597 2496 senatus,
625 2421 761 2484 criminis
792 2421 958 2484 atrocitate

88 2539 202 2605 motus,
214 2529 364 2592 Tacitum
379 2527 575 2610 Pliniumque
593 2528 630 2589 iis
645 2528 761 2588 adesse
773 2515 888 2612 jussit:
913 2535 957 2604 et,
1058 2541 1063 2550 ‘

87 2644 123 2699 nt
139 2637 209 2722 plns
226 2635 419 2698 celebritatis
436 2633 527 2709 foret,
545 2634 762 2720 Princepsque
779 2634 958 2712 interesset,

89 2741 184 2804 dilata
200 2739 347 2823 cognitio.
394 2740 481 2803 Acta
504 2739 628 2803 tandem
653 2761 748 2802 cansa
770 2741 959 2824 frequentis·

88 2849 167 2913 simo
184 2857 304 2924 senam,
322 2869 392 2909 curn
410 2845 580 2931 Trajanrrs,
605 2847 635 2912 in
651 2846 775 2912 Urbem
793 2847 905 2922 redux,
922 2854 958 2910 et

88 2956 198 3019 consul
223 2954 359 3026 tertinm,
384 2975 463 3016 anno
486 2954 588 3016 Urbis
614 2952 760 3016 conditae
786 2975 955 3030 naccum,

87 3062 295 3149 praesideret.
342 3059 499 3122 'l'ridnnm
538 3060 568 3122 in
606 3059 666 3122 hac
704 3059 882 3141 cognitione
914 3061 958 3124 in·

88 3178 257 3254 sumptum.
293 3167 412 3230 Plinius
426 3166 625 3240 Martianum,
639 3166 691 3249 qni
705 3167 809 3230 Mario
821 3167 958 3230 immani·

88 3277 159 3340 tatis
187 3277 293 3338 socius
320 3275 432 3349 luerat,
463 3273 627 3358 corripuit.
675 3272 826 3336 Frontoni
854 3273 958 3348 Catio,

117 3449 127 3486 ¹
138 3447 212 3497 Tacit.
223 3447 253 3493 de
263 3443 369 3495 Moribus
378 3441 484 3491 German.
494 3457 545 3504 erp.
556 3446 593 3490 37.
686 3443 698 3476 ²
708 3443 782 3492 Tacit.
794 3443 849 3492 ibid.
860 3422 909 3504 esp.
921 3447 957 3491 37.
