2166 3834
92 213 164 282 132
394 260 397 266 ·
424 229 608 282 saummu
722 231 728 240 ²
811 233 889 282 sxv.
907 239 966 284 ms.

90 383 208 444 ‘iudice
221 385 259 442 ab
272 401 332 444 unc
345 385 460 444 lucilius
480 387 627 444 discerni:
647 385 747 445 odium
761 391 792 444 et
811 385 964 446 invidiam
1078 395 1079 400 ’

88 485 183 557 ‘sputi
194 481 427 542 multossslere!
470 485 556 542 Haud
566 485 687 542 lellebnt
698 485 852 544 Tiberium
863 489 961 544 moles

88 583 274 657 cognitionis,
292 599 403 658 qusque
422 583 485 655 ipss
507 583 584 640 lemn
596 583 812 642 distraheretur.
854 572 960 657 Igitur,
1078 593 1079 670 ἦ

87 682 189 756 prucis
212 681 396 738 familiarium
419 681 567 748 adhibitis,
589 682 683 739 minas
702 681 905 739 accusantium
924 687 969 739 et.
1078 679 1079 708 ¹

88 780 158 836 binc
172 797 271 852 preces
291 779 381 846 audit,
400 779 599 853 integramque
612 797 746 838 caussam
759 781 796 836 ad
812 780 957 837 Senatum

36 877 218 936 llremitlit.
262 879 358 951 Atque
385 877 501 934 interim
530 879 651 945 Drusus,
679 877 795 934 rediens
822 877 958 951 illyrico,

88 993 258 1052 quamquam
277 977 377 1032 Patres
395 975 586 1042 censuissent,
616 977 672 1033 ‘ob
690 981 839 1047 receptum
858 975 958 1033 Maro·
1078 991 1079 1056 p

90 1075 241 1142 ‘boduum
268 1081 299 1130 et
325 1092 370 1130 res
398 1074 492 1146 priore
524 1080 637 1130 aestate
671 1083 777 1148 gestes,
804 1084 835 1132 ut
861 1091 960 1132 ovans
1076 1059 1079 1168 i

88 1172 212 1240 ‘iniret’
227 1175 337 1246 prolcto
359 1175 477 1238 bonore,
502 1174 602 1228 urbem
622 1173 753 1230 iulrcvil.
795 1172 868 1230 Post
879 1191 955 1246 quse

88 1289 146 1338 rso,
173 1274 229 1330 ‘ln
246 1269 424 1337 Arruntium,
439 1270 477 1327 T.
494 1271 657 1335 Vinicium,
674 1271 810 1328 Asinium
824 1271 956 1340 Gallum,

88 1353 293 1428 ‘Aeserninum
309 1369 501 1436 'Marcellum
526 1369 594 1426 Sex.
618 1369 789 1442 Pompeium
810 1367 955 1441 pstrouos'

86 1468 207 1540 petenti,
226 1468 318 1540 iisque
337 1467 454 1522 diverso
473 1467 693 1533 excusantibus,
716 1467 759 1523 M.
774 1467 902 1540 Lepidus
924 1472 957 1524 et

86 1565 121 1622 L.
137 1565 205 1622 Piso
218 1571 249 1620 et
269 1563 423 1620 Livineius
445 1564 573 1636 Regulus
594 1564 722 1631 edicere,
740 1565 859 1620 adreots
871 1565 967 1624 omui.

86 1663 218 1729 civitate,
244 1667 367 1736 ‘quanta
383 1663 453 1718 fides
468 1662 571 1718 amicis
586 1661 737 1728 Germani,
757 1679 831 1736 quse
845 1663 957 1722 fiducius

86 1768 169 1819 ‘reor
193 1759 279 1818 salin'
292 1760 440 1818 cohiberet
454 1777 490 1816 ec
511 1767 653 1834 premeret
667 1763 768 1818 sensus
781 1765 847 1817 suos
860 1761 967 1819 Tibe-

87 1859 181 1918 ‘rius.’
194 1860 230 1916 iis
251 1860 327 1916 baud
349 1859 421 1916 alias
443 1859 584 1916 intentior
607 1861 738 1932 populus,
753 1861 823 1931 'plus
842 1859 900 1916 sibi
912 1860 957 1926 ‚in

86 1959 256 2032 Principem
288 1961 422 2016 occultae
441 1957 538 2022 ¹uocis
571 1963 621 2014 aut
648 1957 807 2029 suspicacis
840 1957 955 2016 silentii
1078 1913 1079 2004 i

35 2059 225 2132 lipermisit.
278 2057 336 2114 Die
365 2057 500 2122 Senatus,
521 2055 631 2113 Caesar
663 2055 824 2112 ornfiouem
851 2056 956 2114 babuit
1049 2115 1051 2120 ,

86 2158 226 2216 meditato
239 2162 485 2229 temperamento:
513 2159 521 2208 ‘.
534 2153 629 2212 Putris
642 2157 688 2211 sui
707 2155 851 2227 Legatum
865 2165 954 2230 elque

68 2239 231 2316 ¹‘amicum
256 2257 391 2314 Pisonem
418 2253 514 2318 inisse,
537 2253 753 2326 adiutoremque
773 2253 966 2312 Germanico

87 2357 204 2414 ‘datum
218 2344 289 2420 ase,
310 2361 426 2412 auctore
451 2353 571 2417 Senatu,
595 2354 678 2419 rebus
700 2351 954 2424 medonensem

87 2455 346 2522 ‘administrandis
380 2450 442 2508 illic
469 2449 653 2506 contumacia
680 2458 710 2506 et
742 2449 954 2507 certaminibus

86 2535 425 2624 ‘asperassetiuvenem
439 2548 575 2622 exituque
587 2531 651 2604 eius
672 2549 795 2604 laetatus
808 2554 898 2611 esset,
912 2565 954 2606 ers

86 2653 215 2706 ‘scelere
236 2647 435 2714 exstinxisset,
457 2646 577 2720 integris
598 2647 702 2702 animis
720 2646 952 2718 dijudicandum.

86 2749 133 2804 ‘N
138 2764 193 2812 am,
213 2745 239 2802 si
258 2747 385 2820 Legatus
408 2745 498 2802 officii
519 2745 668 2810 terminus,
691 2744 862 2816 obsequium
881 2761 955 2819 erge.

86 2843 321 2916 ‘Imperatorem
353 2844 444 2910 exuit,
478 2843 663 2916 eiusdemque
696 2849 787 2898 morte
813 2850 845 2898 et
870 2844 952 2900 luctu

86 2953 172 3002 ‘meo
189 2946 312 3000 laetatus
333 2945 393 3010 est;
409 2942 516 3014 odero,
535 2958 728 3014 seponamque
743 2957 760 2996 a
773 2941 861 2996 domo
876 2957 952 3009 mes,

86 3049 136 3099 ‘et
155 3041 283 3114 privatas
304 3039 475 3098 iuimicitias
497 3057 555 3096 non
581 3039 611 3095 vi
636 3037 783 3109 Principis
807 3039 952 3096 ulciscar:

86 3237 239 3298 ‘cnudunu
252 3232 415 3303 detegitur3
445 3248 496 3286 vos
516 3250 586 3288 vero
600 3239 629 3288 et
649 3233 754 3288 liberos
769 3234 952 3302 Germanici.

86 3335 136 3386 ‘et
160 3349 213 3386 nos
239 3337 383 3400 parentes,
409 3325 491 3382 iustis
518 3329 629 3384 solatiis
656 3309 781 3386 educite.
806 3331 952 3406 simulque

86 3139 150 3194 ‘sin
169 3138 290 3201 lucinus,
307 3138 338 3218 in
357 3137 553 3209 cuiuscunque
574 3136 736 3192 mortalium
761 3153 834 3192 nece
856 3137 953 3196 vindi·

3 3475 4 3492 ,
86 3425 177 3482 ‘illud
200 3431 339 3500 reputate,
361 3423 472 3480 turbide
491 3429 524 3480 et
546 3426 683 3482 seditiose
708 3428 882 3486 tractaverit
901 3447 967 3488 eu·¹
1078 3435 1079 3496 l
