2172 3842
396 447 430 502 C.
450 444 627 520 CORNEQH
647 444 775 500 ructat

493 650 662 732 VITA

554 904 609 942 ΡΕΙ

297 1093 555 1177 IVSTVM
598 1091 878 1222 LIPSIVM

487 1347 670 1390 consolini·

138 1491 260 1573 (isrns
279 1505 481 1572 Cosrnntns
499 1507 670 1583 Ticinus,
687 1503 739 1569 eui
756 1503 852 1588 vulgo
868 1503 905 1568 P.
923 1524 1012 1590 prae·

141 1641 258 1686 nornen
270 1621 398 1698 iaciunt,
412 1643 472 1686 non
483 1622 534 1686 ilia
545 1621 677 1708 patricia
687 1622 834 1688 Cornelia
845 1630 948 1706 geute,
956 1620 1015 1684 sed

142 1727 202 1792 alia
229 1727 328 1792 minus
356 1729 469 1793 illustri
484 1737 576 1792 natus
591 1737 652 1806 est,
668 1730 833 1806 extremis,
858 1737 892 1794 ut
907 1727 1014 1820 opinio

143 1854 214 1896 mea
237 1835 309 1909 fert,
333 1833 389 1898 Ti.
415 1834 540 1898 Claudii
557 1835 640 1920 Imp.
665 1836 871 1921 temporibus.
917 1834 1015 1898 Pater

143 1959 286 2023 avusque
310 1941 444 2004 honores
460 1940 615 2022 gesserint
631 1949 663 2004 et
680 1941 719 2004 ad
736 1941 852 2027 Remp.
870 1958 1014 2004 accesse-

143 2045 215 2122 rint,
232 2067 344 2123 necue,
372 2055 405 2110 ut
422 2067 456 2110 re
478 2055 606 2110 vetusta
621 2054 655 2110 et
674 2047 804 2123 incerta,
821 2047 897 2112 nihil
923 2046 1015 2109 adfir-

143 2172 245 2218 mem:
270 2151 400 2238 propius
416 2174 434 2216 a
449 2153 655 2228 voro'abest,
680 2154 784 2239 ipsum
810 2153 944 2239 primum
962 2152 1011 2214 ius

143 2257 293 2340 imagines
309 2266 340 2320 et
357 2259 491 2322 honores
515 2259 545 2321 in
561 2259 706 2322 familiam
729 2281 790 2322 uon
815 2258 905 2324 nimis
928 2259 1014 2321 iiius·

145 2370 223 2428 trem
239 2365 394 2428 intulisse
411 2364 531 2428 initium
553 2364 714 2447 dignitatis
741 2364 784 2428 itti
805 2363 864 2426 sub
888 2363 1015 2447 Vespa·

142 2469 228 2534 siano
259 2470 337 2534 tuit:
376 2492 485 2554 aquo,
516 2470 619 2534 Plinio
650 2480 792 2546 auctore,
822 2469 1016 2533 Procurator

145 2575 235 2640 datus
263 2575 385 2640 Galliae
416 2576 576 2658 Belgicae,
607 2577 743 2642 rationes
773 2577 931 2662 Principis
962 2573 1016 2638 ad·

145 2683 352 2746 ministravit:
387 2704 468 2766 quae
500 2683 634 2766 dignitas
660 2685 801 2768 equestri
828 2683 930 2746 ordini
960 2682 1015 2744 diu

145 2789 315 2874 peculiaris
342 2789 412 2854 suit.
470 2789 645 2874 Reuersus,
672 2812 690 2854 a
716 2789 807 2866 Tito,
828 2797 862 2852 ut
891 2788 1014 2874 opinor,

146 2895 359 2966 Quaesturam
390 2898 538 2982 accepit:
578 2904 665 2960 certe
701 2896 884 2976 dignitatem
915 2915 1014 2968 suam,

145 3022 237 3084 quam
254 3001 474 3086 Vespasianus
499 3002 714 3080 inchoaverat,
731 3010 854 3066 auctam
870 3009 903 3064 et
929 3001 1014 3063 adiu·

146 3115 208 3170 tarn
221 3127 324 3206 esses
340 3107 429 3184 Tito,
446 3109 516 3194 ipse
532 3109 562 3172 in
581 3108 734 3172 Historiis
746 3109 929 3195 profitetur:
955 3126 1014 3170 nee

145 3214 229 3276 atiud
261 3215 416 3300 suspicari
441 3223 502 3290 est,
526 3235 618 3298 quam
653 3215 877 3290 Quaesturam,
904 3221 958 3276 aut
988 3213 1015 3276 si
1056 3225 1057 3228 ’

147 3319 229 3384 torte
257 3320 478 3396 Aedilitatern,
504 3321 578 3402 quia
604 3319 757 3382 Praetura
781 3339 855 3383 xrv.
891 3317 1017 3376 demum
1055 3389 1056 3402 ἒ

148 3425 326 3490 Consulatu
342 3425 515 3493 Domitiani
537 3431 650 3506 auctus
666 3430 727 3486 est.
772 3421 810 3482 In
825 3437 888 3498 quo
903 3414 1018 3488 erroris

187 3548 258 3590 von.
279 3549 303 3590 r.
390 3531 394 3538 '
585 3524 641 3587 B*
