2134 3826
99 218 173 267 ao.
192 221 229 267 ra.
281 143 382 266 sm·
410 219 447 266 ιι.
498 219 576 266 oar.
604 199 772 294 unq-57.
903 201 973 268 lon

99 363 215 438 castris,
241 370 397 430 licentiam
425 373 457 432 in
482 373 608 442 urbibus,
633 368 739 450 vagum
763 389 798 432 ac
821 373 975 434 lascivien-

100 476 159 528 tem
175 485 326 543 peragras
339 470 465 528 mititem
479 470 596 540 sineret,
609 489 646 530 eo
670 491 760 546 nsque
784 474 975 545 corruptionis

95 571 251 642 proiectus
279 576 332 638 est,
363 575 400 636 ,ut
427 571 668 646 sermonevuigi
697 587 803 648 parens
837 568 977 644 legionum

100 669 278 726 haberetur..
310 669 376 725 Nec
404 669 549 726 Plancina
571 687 603 728 se
630 671 706 726 intra
730 671 836 726 decora
859 669 976 726 seminia

98 769 236 835 tenebat3
259 767 311 824 sed
332 766 478 824 exercitio
499 767 639 842 equitum,
665 767 834 826 decursibus
851 767 978 824 coir'orti·

95 883 146 932 lum
160 866 325 922 interesse:
346 865 603 939 in-Agrippinam
624 866 657 923 in
677 865 887 924 Germanicum
909 883 978 924 con·

94 965 240 1022 -tnmeiias
254 963 371 1020 iacere:
393 964 563 1038 quibusdam
587 965 676 1022 etiam
700 966 838 1022 bonorum
853 965 978 1022 miiitum

103 1064 140 1120 ad
162 1065 242 1119 maia
254 1061 394 1136 obsequia
410 1051 561 1135 promptia
569 1063 655 1138 quod,
668 1061 748 1120 baud
758 1061 843 1119 inuito
855 1061 978 1138 Impera·

96 1167 218 1234 ture-‚cu
232 1157 314 1239 fied,
338 1163 470 1218 occuitus
491 1179 587 1220 rumor
600 1162 766 1219 incedebat.
810 1163 888 1219 Nota
904 1162 1029 1224 aceede

103 1259 302 1328 Germaniam
333 1260 385 1315 sed
410 1260 556 1332 praeverti
579 1259 799 1324 adArmenios
823 1260 978 1318 instantior

101 1376 169 1416 cura
191 1357 257 1414 tuit.
309 1359 457 1432 Ambigua
482 1377 554 1432 gens
578 1375 614 1416 ea
638 1358 796 1433 antiquitus
825 1359 976 1418 hominum

101 1457 230 1532 ingeniis
246 1461 278 1512 et
293 1455 350 1514 situ
365 1461 512 1525 terrarum,
525 1475 603 1532 quo„
616 1457 721 1516 nostris
744 1458 902 1531 provinciis
918 1461 977 1516 iate

101 1560 267 1630 praetenta,
286 1555 402 1628 penitus
416 1558 453 1613 ad
479 1556 584 1614 Medos
598 1557 764 1630 porrigitur3
786 1557 977 1630 maximisque

101 1653 233 1727 imperiis
246 1653 406 1720 interiecti,
420 1660 449 1712 et
461 1655 575 1728 saepius
586 1655 734 1712 discordes
748 1663 825 1724 sunt,
838 1658 978 1712 adversus

106 1754 261 1812 Romanos
275 1752 345 1809 odio
368 1757 398 1808 et
422 1753 453 1809 in
478 1754 616 1811 Parthum
635 1753 759 1811 invidia.
800 1755 912 1828 Regem
926 1754 978 1812 itta

106 1855 285 1924 tempestate
300 1869 359 1908 non
375 1851 530 1916 habebunt,
544 1859 641 1909 amoto
665 1853 809 1910 Vonone:
830 1853 881 1909 sed
895 1853 978 1910 iavor

103 1951 234 2010 nationis
260 1949 423 2008 inclinabat
445 1951 476 2008 in
507 1952 668 2021 Zenonem,
692 1952 859 2009 Polemonis
887 1951 977 2024 Regis

102 2049 224 2108 Pontici
240 2049 342 2116 titium,
360 2050 435 2123 quod
460 2050 485 2107 is
508 2050 600 2122 prima
623 2053 659 2107 ab
682 2027 816 2118 infantia,
844 2050 978 2108 instituta

102 2155 134 2208 ct
164 2151 280 2207 coitum
315 2148 520 2204 Armeniorum
554 2152 724 2215 aemulatus,
759 2155 878 2216 venatu,
911 2166 979 2219 epu-

102 2249 149 2316 iis,
163 2253 195 2304 et
209 2263 285 2321 quae
306 2246 365 2302 alia
386 2248 498 2303 barbari
523 2249 683 2312 celebrant,
697 2263 830 2320 proceres
852 2249 978 2320 plebem·

101 2346 265 2423 qoaioxta
289 2343 472 2401 devinxerat.
508 2346 606 2419 ¹Igitur
630 2344 824 2402 Germanicus
850 2344 880 2402 in
907 2347 978 2402 urbe

29 2433 44 2447 ⁸
103 2448 264 2508 Artaxata,
285 2443 511 2516 adprobantibus
532 2443 686 2511 nobilibus,
707 2443 880 2500 circuminsa
908 2445 979 2501 mul-

102 2545 241 2612 titudine,
268 2545 384 2617 insigne
413 2542 523 2614 regium
549 2541 641 2613 capiti
674 2543 736 2598 eius
764 2540 911 2615 imposuit.
931 2559 978 2614 oe·

105 2644 163 2700 teri
191 2649 369 2701 venerantes
402 2641 524 2714 Regem,
550 2638 709 2722 *Artoripm
735 2643 976 2711 consalutavere3

104 2743 182 2818 quod
194 2743 239 2798 itii
257 2742 430 2799 vocabulum
445 2738 610 2795 indiderant
622 2755 659 2796 ex
675 2740 792 2798 nomine
806 2741 893 2798 urbis.
934 2742 978 2799 At

105 2841 310 2914 Cappadoces,
326 2840 356 2896 in
377 2839 497 2895 iormam
512 2837 682 2910 provinciae
700 2839 819 2908 redacti,
836 2841 872 2911 Q.
887 2839 978 2896 Vera-

78 2941 187 2997 'nium
202 2941 345 3014 Legatum
366 2953 530 3008 accepere:
554 2940 584 2992 at
605 2937 747 3010 quaedam
767 2955 806 2994 ex
827 2937 916 3010 regiis
931 2937 979 2994 tri·

104 3039 184 3098 botis
198 3039 359 3104 deminuta,
373 3053 430 3110 quo
443 3035 541 3092 mitius
562 3033 724 3094 Romanum
745 3036 897 3108 imperium
916 3053 979 3108 spe·

103 3143 225 3196 raretur.
267 3133 474 3208 Commagenis
490 3134 526 3206 Q.
544 3135 688 3191 Servaeus
710 3133 903 3208 praeponitur,
918 3139 978 3191 tum

103 3236 231 3312 primum
245 3235 282 3292 ad
297 3235 341 3292 ius
357 3232 501 3290 Praetoris
522 3233 677 3289 translatis.
719 3233 891 3305 Cunctaque
906 3231 977 3288 soci·
989 3231 1029 3292 57

104 3335 166 3392 alia
180 3349 316 3406 prospere
327 3331 488 3404 composita
503 3348 561 3387 non
573 3330 640 3386 ideo
652 3332 759 3386 iaeturn
771 3325 980 3384 Germanicum

106 3433 269 3502 habebant,
290 3433 328 3492 ob
341 3429 506 3511 superbiam
527 3426 652 3495 Pisonis,
676 3426 736 3504 qui,
756 3425 849 3480 iussus
870 3421 981 3488 partem
