2166 3834
110 241 244 290 sous.
352 239 424 288 crs.
451 237 497 286 rr.
548 239 627 286 cer.
654 220 712 288 35.
740 217 798 288 36.
919 223 989 290 201

112 400 296 454 ‘trectetore
318 393 383 462 tuit,
409 395 529 468 prodere
551 395 596 452 de·
610 393 656 460 iis,
680 413 751 472 quos
774 413 849 454 mors
863 397 932 456 odio
945 403 995 456 eut

114 495 250 570 ‘gratiae
278 495 447 552 exemisset.
482 513 550 552 uum
577 512 644 552 cunr
672 496 791 552 ermetis
826 497 931 554 Cassio
964 501 996 555 et

116 597 241 662 ‘Bruto,
262 611 298 652 uc
323 593 529 670 Philippenses
550 611 669 667 campos
691 595 901 657 obtinentibus,
926 596 997 653 belli

121 693 245 751 ‘civilis
272 711 386 760 cuussu,
416 697 554 768 populum
584 713 635 768 per
660 695 819 752 conciones
846 693 998 754 incendo?

117 802 124 826 ⁸
138 811 177 851 un
191 793 237 851 illi
250 793 376 870 quidem,
398 795 642 868 septuagesimum
662 801 730 852 unte
744 811 853 852 annum
869 787 998 872 peremp·

116 894 173 961 ‘ti,
198 911 255 968 quo
280 896 366 950 modo
388 893 564 968 imaginibus
586 896 646 952 suis
675 905 841 959 noscuntur,
866 914 936 970 quus
960 913 998 954 ne

116 1001 124 1027 ‘
139 993 237 1070 victor
251 993 367 1067 quidem
389 994 530 1060 abolevit,
554 994 599 1050 sic
614 1003 724 1066 partem
750 994 906 1051 memoriae
921 997 998 1067 upud

120 1079 301 1168 ‘scriptores
327 1091 477 1151 retinent?
497 1111 580 1150 suum
602 1093 707 1166 cuique
731 1095 821 1150 decus
847 1095 999 1166 posteritas

117 1199 126 1226 ⁸
140 1193 291 1266 rependit:
310 1211 366 1250 nec
380 1194 513 1260 deerunt,
533 1193 559 1250 si
573 1193 724 1250 damnatio
739 1193 856 1268 ingruit,
876 1194 924 1268 qui
940 1213 998 1252 non

116 1294 228 1350 ‘modo
243 1292 339 1349 Cassii
353 1298 383 1349 et
406 1293 500 1360 Bruti,
523 1294 685 1350 sedetiam
709 1293 767 1350 mei
792 1292 1006 1352 meminerint*

118 1391 265 1466 Egressus
280 1393 350 1450 deiu
374 1389 496 1458 Senatu,
515 1385 612 1450 ‘vitum
635 1395 812 1452 abstinentie
837 1395 942 1452 linivit.
965 1395 998 1454 li·

120 1493 186 1549 bros
215 1509 267 1564 per
296 1492 418 1550 Aediles
447 1496 620 1550 cremandos
640 1511 781 1551 censuere
806 1495 924 1563 Patres,
945 1495 999 1552 sed
1022 1533 1025 1547 .

120 1596 301 1657 manserunt,
330 1593 472 1649 occultati
499 1599 529 1648 et
556 1593 637 1650 editi.
700 1595 766 1666 Quo
789 1596 880 1668 tnagis
903 1613 999 1654 socor-

120 1691 200 1749 diam
231 1707 331 1747 eonrm
359 1691 486 1748 inridere
513 1693 594 1758 libet,
622 1693 670 1766 qui
697 1695 843 1766 praesenti
867 1696 999 1770 potentis

119 1791 242 1850 credunt
258 1790 406 1866 exstingui
422 1809 506 1864 posse
525 1792 615 1848 etiam
628 1793 776 1867 sequentis
801 1794 869 1852 sevi
892 1813 998 1853 merno-

122 1891 206 1949 rlum.
252 1891 332 1970 llum
351 1897 463 1960 contre,
485 1893 593 1966 punitis
608 1893 743 1967 ingeniis,
764 1895 862 1968 gliscit
876 1895 1000 1954 auctori·

119 1995 184 2050 tas:
219 2009 313 2066 neque
341 1991 420 2048 eliud
449 1992 565 2048 externi
594 1994 699 2066 Reges,
735 2001 784 2050 eut
818 1995 868 2068 qui
895 1997 999 2052 eadem

119 2091 250 2149 saevitia
274 2090 318 2148 usi
340 2097 416 2158 suut,
439 2091 496 2148 nisi
520 2093 647 2150 dedecus
668 2093 732 2162 sibi,
758 2099 844 2168 utque
859 2093 918 2150 illis
940 2097 1000 2168 glo·

117 2191 193 2249 rium
210 2207 368 2272 peperere*
402 2191 538 2248 Ceterum
562 2191 742 2262 postulandis
758 2191 813 2248 reis
834 2197 893 2248 tum
908 2191 999 2248 eonti-
1011 2189 1052 2248 36

118 2308 195 2350 nuos
210 2307 304 2347 annus
320 2289 384 2358 urit,
408 2295 439 2347 ut
456 2291 590 2348 lerinrum
605 2292 775 2349 Latinarum
790 2290 901 2354 diebus,
916 2291 1001 2348 Prae·

118 2390 232 2449 lectum
258 2389 345 2455 orbis,
380 2389 517 2456 Drusum,
551 2391 723 2462 auspicandi
757 2389 850 2464 gretia
875 2390 1001 2448 tribunal

118 2487 296 2564 ingressum,
328 2489 432 2546 adierit
474 2490 651 2563 Calpurnius
685 2489 842 2547 Salvianus
869 2490 899 2546 iu
930 2491 1000 2548 Sex.

121 2587 261 2646 lilerium.
284 2589 359 2662 quod
382 2605 400 2642 a
423 2589 551 2646 caesare
576 2591 671 2662 palam
694 2589 877 2661 increpitum,
898 2607 1002 2650 cuusse

120 2688 219 2746 exsilii
249 2687 392 2744 Salviano
415 2687 478 2745 luit.
503 2683 506 2690 ’
544 2689 670 2746 Obiecta
696 2689 811 2762 publice
838 2691 999 2765 Cyzicenis

121 2785 235 2844 inuria
249 2784 484 2844 caerimoniarum
507 2787 548 2845 D.
574 2786 707 2863 Augusti,
730 2789 836 2848 audiris
857 2789 1001 2850 violentiae

123 2883 292 2949 criminibus
319 2884 466 2942 aduncum
489 2885 561 2944 ciues
582 2887 732 2944 Romanos.
765 2893 796 2947 et
822 2893 945 2948 emisere
968 2891 1001 2948 li·

122 2986 278 3049 bertutem,
296 3002 383 3059 quarn
407 2988 484 3044 bello
501 2986 680 3044 Mithridatis
695 2996 857 3048 meruerant
879 2991 1002 3049 circum·

123 3085 206 3152 sessi,
235 3101 293 3142 nec
322 3085 418 3142 minus
448 3073 499 3142 sliu
531 3087 706 3158 coustantio,
738 3105 824 3163 quam
855 3089 1002 3163 praesidio

155 3239 277 3310 occultati,
290 3243 310 3284 et
320 3239 383 3300 editi]
415 3239 529 3309 occultati
539 3255 553 3286 a
562 3241 616 3298 filiu,
627 3245 650 3288 et
660 3241 690 3291 eb
699 3243 777 3312 esderu
789 3248 866 3303 postes
875 3243 939 3312 editi,
957 3243 1000 3319 ltu·

124 3299 1002 3420 erent:tun,reddidereeduceretur:

124 3416 183 3462 cium
197 3419 216 3464 l.
250 3416 374 3474 Scripseret
384 3416 419 3461 hie
427 3415 553 3463 Cremutius
564 3415 624 3459 bella
634 3413 708 3458 civilio
718 3419 741 3461 et
753 3426 787 3455 res
800 3413 906 3464 sug-run
918 3415 1004 3452 extant·

142 3489 172 3520 ue
181 3475 316 3532 lregments,
327 3474 441 3532 exquibus
455 3487 524 3530 genus
533 3471 622 3518 dicendi
633 3471 733 3528 colligas,
749 3467 772 3512 in
787 3464 892 3510 Suasoris
906 3464 1006 3528 Senecae

126 3489 159 3584 ie
169 3540 245 3581 morte
254 3531 377 3580 Ciceronis.
409 3531 473 3588 Lips.
