2164 3846
122 237 249 290 acor.
340 221 785 290 stercoratam.
917 221 989 294 273

121 396 220 469 gentis
235 393 388 464 claudiae,
401 374 573 470 quamquam
594 400 686 454 mater
699 395 730 454 iu
744 395 863 454 Liviam
877 399 909 454 et
922 413 991 456 mox

121 497 229 555 Iuliam
250 495 391 553 familiam
411 495 615 568 adoptionibus
634 495 791 554 transierit.
832 495 924 555 Casus
938 495 993 570 pri·

122 613 170 653 ma
190 597 229 652 ab
249 594 385 653 infantia
399 593 554 668 ancipites.
576 611 644 653 nam
671 595 864 669 proscriptum
881 601 992 670 patrem
1015 625 1018 641 ·

122 697 207 752 exsul
222 699 349 760 seculus,
367 694 418 752 ubi
431 694 548 751 domum
563 693 689 768 Augusti
708 693 857 769 privignus
870 694 992 766 introiit,
1011 712 1014 745 :

121 793 222 852 multis
246 792 373 850 aemulis
394 791 579 851 condictatus
606 798 660 862 est,
686 794 755 852 dum
779 793 938 852 Marcellus
961 786 1011 875 ⁰²2¹

122 894 268 967 Agrippa,
291 909 360 950 mox
383 892 473 951 Caius
499 891 664 966 Luciusque
692 893 842 962 Caesares,
862 893 1003 969 riguere„¹

120 993 223 1052 Etiam
237 992 324 1050 frater
338 992 410 1059 eius,
430 993 552 1059 Drusus,
572 991 750 1064 prosperiore
763 992 874 1050 civium
894 980 1004 1073 amore}

120 1099 195 1150 erat.
238 1093 297 1150 Sed
312 1091 440 1149 maxime
454 1091 485 1148 in
500 1090 613 1148 lubrico
626 1090 695 1164 egil,
715 1097 837 1164 accepta
850 1091 882 1149 in
897 1080 1003 1150 matri.¹
1035 1157 1045 1168 ἡ

121 1192 254 1250 monium
274 1190 358 1258 lulio,
378 1189 582 1264 inpudicitiam
603 1189 701 1249 uxoris
722 1193 858 1258 tolerans,
878 1197 928 1248 aut
943 1164 1037 1288 deii)

120 1291 248 1349 clinans.
290 1289 408 1348 Deinde
422 1289 527 1347 Rhodo
547 1307 702 1364 regressus,
723 1307 831 1348 vacuos
847 1289 1006 1367 Principis,¹

122 1391 251 1450 Penates
264 1389 420 1447 duodecim
433 1387 527 1457 annis,
541 1405 609 1446 mox
624 1389 665 1446 rei
681 1390 832 1449 Romanae
842 1388 991 1448 arbitrium
998 1380 1006 1475 Ι,ἶ

120 1489 211 1548 tribua
238 1490 329 1547 ferme
355 1494 386 1547 et
416 1487 526 1564 viginti
552 1487 686 1547 obtinuit.
739 1487 854 1547 Morum
877 1478 1003 1579 quoque}

123 1594 255 1662 tempora
275 1588 319 1646 illi
332 1589 467 1647 diversa:
493 1587 640 1664 egregium
661 1589 723 1646 vita
741 1589 884 1664 famaque,
896 1588 991 1664 quoad

123 1687 263 1764 privatus,
279 1690 326 1746 vel
340 1688 372 1746 in
386 1687 515 1760 imperiis
527 1689 582 1745 sub
597 1689 730 1762 'Augusto
742 1687 812 1746 fuit:
842 1690 992 1746 occuitum
1006 1722 1010 1761 ;

123 1803 158 1846 ao
173 1788 324 1846 subdolum
345 1787 489 1861 fingendis
509 1785 674 1854 virtutibus,
687 1787 782 1845 donee
797 1785 991 1844 Germanicos
1007 1780 1012 1859 ἱ

123 1871 161 1944 ao
174 1889 286 1946 Drusus
300 1885 472 1960 superfuere.
488 1885 567 1944 idem
587 1887 663 1950 inter
683 1888 759 1944 bona
772 1886 904 1960 malaque
918 1884 993 1942 mix·
1010 1878 1013 1891 “

123 1992 178 2054 tus,
198 1985 339 2044 incolumi
366 1991 476 2044 matre:
504 1984 682 2043 intestabilis
707 1984 843 2052 saevitia,
866 1984 918 2040 sed
941 1984 990 2040 ob-

123 2191 270 2261 poatremo
284 2184 440 2241 inscelere
454 2183 540 2240 simul
554 2199 590 2240 ac
604 2181 749 2240 dedecore
763 2180 900 2255 prompit‚
914 2182 990 2253 post·

122 2303 218 2363 quam,
239 2288 350 2342 remoto
370 2283 477 2357 pudore
497 2288 527 2340 et
551 2286 640 2350 metu,
663 2298 716 2339 suo
739 2285 853 2341 tantum
870 2277 1002 2360 ingenio‘

123 2390 266 2446 utebatur.

91 2563 94 2568 ·
153 2537 460 2599 Reifiomcacsarbitriusa]
490 2536 553 2583 Vere
562 2538 586 2582 et
600 2534 622 2581 el
665 2539 715 2583 nter
730 2532 822 2582 dietum.
853 2532 993 2580 libertatem

123 2601 249 2653 Romanam
274 2599 340 2646 armis
359 2597 493 2644 labefecerat
508 2595 607 2654 Caesar3
653 2609 695 2641 uxu
715 2597 845 2653 corruperat
865 2594 991 2651 Augustos,

124 2659 308 2709 Dissiurulatione
326 2656 436 2718 oppressit
446 2655 557 2710 Tiberius,
572 2654 669 2701 Romam
684 2651 770 2714 imperii
780 2657 804 2697 et
822 2651 883 2722 artis.
901 2649 992 2722 ‘liticae

122 2721 240 2768 conditor:
263 2732 308 2780 quo
329 2717 407 2762 melior
425 2715 529 2775 princeps
547 2713 625 2760 haberi
645 2713 711 2758 facile
729 2716 810 2772 potest,
831 2711 883 2756 cella
901 2725 935 2780 ror
953 2711 991 2758 vis

120 2777 251 2838 excogitari.
283 2777 403 2823 Caesarem
413 2773 495 2829 animo,
508 2777 630 2831 Angustum
637 2770 727 2830 ingenio
736 2783 882 2830 expressurus,
893 2769 934 2815 nisa
943 2784 991 2816 eer-

122 2839 202 2885 tiorem
212 2834 372 2886 dominationis
381 2833 440 2878 viam
450 2831 581 2902 reperisset:
598 2833 692 2878 virtutes
701 2844 728 2876 ao
734 2829 793 2900 ¹vitiu
800 2830 841 2899 'ita
854 2835 990 2900 temperans,

122 2905 146 2944 nt
165 2899 189 2944 in
210 2913 240 2945 eo
259 2910 300 2946 nec
322 2893 417 2942 virtutes
436 2891 504 2952 vitiis,
524 2905 566 2940 neo
585 2889 643 2939 vitia
662 2888 782 2940 uirtutibus
799 2893 987 2937 imminuerentur.

123 2956 185 3007 Brut.
