2134 3826
97 235 168 303 104
256 295 268 322 ‚
417 248 601 300 annaurim
819 254 849 300 a.
865 251 896 299 v.
911 253 964 302 nr.

95 414 128 467 ut
141 407 216 481 apud
231 406 372 478 Delphos,
385 407 436 464 sed
451 406 537 463 certis
551 423 569 462 e
582 401 709 466 familiis,
723 408 754 461 et
772 405 861 461 terme
877 385 966 463 Mile·

97 511 128 566 to
141 507 261 572 accitus,
275 505 409 562 sacerdos
424 523 571 562 numerum
586 507 671 562 modo
689 505 918 562 consultantium
932 511 966 562 et

96 607 216 682 nomina
230 605 328 663 audit:
343 605 403 662 tum
417 605 447 661 in
457 621 575 675 specum
584 605 744 678 degressus,
758 605 860 660 hausta
875 605 966 660 tontis

97 707 196 764 arcani
215 721 298 779 aqua,
311 704 426 778 ignarus
441 705 605 777 plerumque
627 703 784 760 litterarum
805 711 836 760 et
860 703 964 760 carmi·

97 823 176 872 nuru,
189 805 250 861 edit
273 821 410 877 responsa
424 803 562 862 versibus·
575 803 746 876 compositis
770 821 857 876 super
870 805 966 873 rebus,

98 921 169 980 quas
189 905 252 979 quis
267 907 364 960 mente
385 902 531 976 concepit.
554 903 757 971 atterebatur,
784 902 966 960 Gennanico

98 1021 151 1076 per
170 1006 315 1078 ambages,
328 1007 359 1060 ut
380 1021 441 1060 mos
455 1004 589 1068 oraculis,
607 1009 748 1060 mntnmm
760 1001 875 1059 esitirrm
888 1001 966 1060 ceci-

47 1109 88 1167 55
100 1103 187 1162 nisse.
230 1104 272 1162 At
287 1103 342 1160 Gn.
358 1101 435 1169 Piso,
449 1121 506 1177 quo
520 1091 719 1175 properantius
733 1101 880 1158 destinata
894 1099 966 1158 inci·

99 1208 189 1277 peret,
204 1202 356 1260 civitatem
370 1195 604 1268 Atheniensium,
617 1202 732 1259 turbido
740 1201 855 1258 incessu
870 1206 967 1258 exter·

99 1303 194 1366 ritam,
207 1302 338 1359 oratione
352 1319 442 1358 saeva
466 1301 607 1373 increpat,
623 1301 739 1375 oblique
754 1299 967 1357 Germanicum

100 1400 306 1474 perstringens,
326 1401 430 1473 ‘quod,
451 1407 553 1457 contra
576 1401 666 1456 decus
691 1399 817 1456 Romani
830 1399 968 1466 nominis,

101 1503 183 1555 ‘non
200 1497 408 1564 Athenienses,
422 1504 465 1554 tot
485 1497 616 1555 cladihus
629 1497 786 1563 extinctos,
800 1497 852 1554 sed
870 1499 971 1554 contu·

101 1602 111 1630 ⁴
126 1596 205 1652 viem
219 1597 301 1652 illam
315 1595 474 1661 nationum,
488 1595 626 1653 comitate
650 1595 742 1653 nimia
752 1595 902 1654 coluisset.
918 1597 970 1653 hos

103 1694 205 1752 *enim
233 1671 297 1750 esis
327 1693 507 1751 Mithridatis
531 1696 670 1751 adversus
696 1695 817 1762 Sullam,
842 1693 971 1753 Antonii

102 1795 266 1852 ‘adversus
299 1793 337 1850 D.
374 1794 539 1866 Augustum
575 1791 691 1850 socios.'
734 1793 824 1850 otiam
867 1801 971 1852 vetera
1052 1849 1053 1854 ,

103 1893 279 1956 oblectabat,
293 1909 365 1966 qnae
379 1893 410 1949 in
427 1892 607 1949 Macedones
621 1891 801 1966 inprospere,
822 1887 971 1951 uiolenter

103 1994 135 2051 iu
149 2009 215 2050 suos
228 1991 384 2049 iecissent:
404 1991 530 2048 offensus
550 1989 613 2048 urbi
635 1989 749 2064 propria
771 2007 883 2065 quoque
908 1991 971 2062 ira;

105 2091 172 2168 quia
186 2091 385 2162 Theophilum
400 2091 568 2164 quenulam,
579 2091 658 2147 Areo
681 2089 792 2148 iudicio
811 2091 877 2147 lalsi
891 2091 973 2148 dam·

105 2197 214 2258 uatum,
228 2188 360 2264 precihus
384 2189 442 2245 suis
463 2205 520 2245 non
536 2191 740 2246 concederent.
782 2189 862 2246 Exin
888 2189 973 2246 navi-

105 2291 224 2366 gatione
251 2289 341 2347 celeri
361 2305 412 2362 per
432 2289 589 2362 Cycladas,
615 2297 644 2345 et
672 2288 844 2361 compendia
874 2288 974 2356 maris,

105 2389 271 2463 adsequitur
284 2387 490 2446 Germanicum
504 2389 579 2460 apud
594 2387 717 2444 insulam
736 2389 879 2451 Rhodum,
893 2383 972 2447 hand
1050 2429 1051 2444 r

106 2489 247 2552 nescium,
271 2487 372 2560 quibus
399 2471 884 2559 insectationibus-petitns'toret:
920 2487 974 2544 sed

106 2590 188 2642 tanta
214 2585 433 2642 mansuetudine
457 2589 571 2660 agebat,
585 2591 705 2652 ut,·cum
729 2591 791 2643 orta
813 2590 974 2657 tempestas

106 2688 220 2755 reperet
243 2683 274 2738 in
299 2685 428 2756 abrupta,
455 2691 608 2758 possetque
634 2684 768 2742 interitus
795 2683 910 2741 inimici
935 2685 974 2742 ad

107 2799 206 2839 casum
221 2781 328 2848 reterri,
343 2783 451 2840 miserit
477 2783 609 2848 triremis,
633 2801 751 2858 quarum
774 2783 904 2840 subsidio
918 2781 974 2840 dis·

107 2879 223 2938 crimini
250 2881 433 2938 eximeretur.
475 2883 579 2956 Neque
601 2889 697 2940 tamen
718 2883 865 2955 mitigatus
895 2881 973 2950 Piso,
1048 2899 1049 2902 ’

108 2984 138 3036 et
163 2978 215 3035 vix
236 2979 296 3036 diei
318 2997 433 3056 moram*
452 2999 610 3054 perpessus,
634 2981 737 3056 linquit
763 2981 973 3040 Germanicum

109 3077 326 3150 praevenitque.
359 3084 399 3143 et,
433 3084 582 3152 postquem
620 3077 737 3153 Syriam
774 3097 810 3138 ac
843 3080 973 3154 legiones

109 3175 218 3246 attigit,
251 3175 414 3248 largitione,
453 3178 571 3242 ambitu,
599 3179 714 3236 intimos
751 3179 974 3253 manipularium
1047 3227 1048 3232 κ

110 3271 249 3336 iuvando,
277 3291 343 3330 curn
359 3280 471 3330 veteres
496 3277 701 3340 Centuriones,
725 3295 845 3334 severos
869 3278 974 3336 Tribu-

110 3387 173 3452 nos,
214 3372 393 3454 demoveret,
428 3373 549 3443 locaque
586 3392 684 3430 eorurn
722 3375 882 3432 clientibus
917 3377 973 3434 suis

112 3455 188 3548 vel¹
206 3451 363 3528 deterrimo
401 3467 505 3543 cuique
539 3470 725 3541 adtribueret,
772 3473 919 3533 desidiam
944 3475 974 3534 ia
1046 3485 1047 3508 ¹
