<?xml version="1.0" encoding="UTF-8"?>
<!DOCTYPE html PUBLIC "-//W3C//DTD XHTML 1.0 Transitional//EN"
    "http://www.w3.org/TR/xhtml1/DTD/xhtml1-transitional.dtd">
<html xmlns="http://www.w3.org/1999/xhtml" xml:lang="en" lang="en">
 <head>
  <title>
</title>
<meta http-equiv="Content-Type" content="text/html;charset=utf-8" />
  <meta name='ocr-system' content='tesseract 3.04.00' />
  <meta name='ocr-capabilities' content='ocr_page ocr_carea ocr_par ocr_line ocrx_word'/>
</head>
<body>
  <div class='ocr_page' id='page_1' title='image "./operaexrecensio01tacigoog_0191.png"; bbox 0 0 2166 3834; ppageno 0'>
   <div class='ocr_carea' id='block_1_1' title="bbox 94 229 962 318">
    <p class='ocr_par' dir='ltr' id='par_1_1' title="bbox 94 229 962 318">
     <span class='ocr_line' id='line_1_1' title="bbox 94 229 962 318; baseline -0.007 -22"><span class='ocrx_word' id='word_1_1' title='bbox 94 229 163 296; x_wconf 82' lang='lat'>150</span> <span class='ocrx_word' id='word_1_2' title='bbox 414 244 598 294; x_wconf 75' lang='lat' dir='ltr'>annectunt</span> <span class='ocrx_word' id='word_1_3' title='bbox 640 309 643 318; x_wconf 29' lang='lat'>¹</span> <span class='ocrx_word' id='word_1_4' title='bbox 819 243 848 290; x_wconf 82' lang='lat' dir='ltr'>a.</span> <span class='ocrx_word' id='word_1_5' title='bbox 863 242 895 290; x_wconf 85' lang='lat' dir='ltr'>V.</span> <span class='ocrx_word' id='word_1_6' title='bbox 908 245 962 314; x_wconf 59' lang='grc' dir='ltr'>πρ.</span> 
     </span>
    </p>
   </div>
   <div class='ocr_carea' id='block_1_2' title="bbox 37 395 1065 3528">
    <p class='ocr_par' dir='ltr' id='par_1_2' title="bbox 37 395 1065 3528">
     <span class='ocr_line' id='line_1_2' title="bbox 89 395 963 476; baseline -0.013 -14"><span class='ocrx_word' id='word_1_7' title='bbox 89 401 156 462; x_wconf 88' lang='lat' dir='ltr'>‘ius</span> <span class='ocrx_word' id='word_1_8' title='bbox 180 401 318 476; x_wconf 82' lang='lat' dir='ltr'>experiri,</span> <span class='ocrx_word' id='word_1_9' title='bbox 351 402 390 458; x_wconf 92' lang='lat' dir='ltr'>ob</span> <span class='ocrx_word' id='word_1_10' title='bbox 419 400 546 474; x_wconf 79' lang='lat' dir='ltr'>effigiem</span> <span class='ocrx_word' id='word_1_11' title='bbox 574 395 761 470; x_wconf 87' lang='lat' dir='ltr'>imperatoris</span> <span class='ocrx_word' id='word_1_12' title='bbox 788 396 963 470; x_wconf 82' lang='lat' dir='ltr'>oppositam</span> 
     </span>
     <span class='ocr_line' id='line_1_3' title="bbox 90 495 963 573; baseline -0.009 -14"><span class='ocrx_word' id='word_1_13' title='bbox 90 501 178 560; x_wconf 85' lang='lat' dir='ltr'>Haud</span> <span class='ocrx_word' id='word_1_14' title='bbox 211 495 363 558; x_wconf 75' lang='lat' dir='ltr'>dissimilia</span> <span class='ocrx_word' id='word_1_15' title='bbox 390 500 451 565; x_wconf 90' lang='lat' dir='ltr'>alii,</span> <span class='ocrx_word' id='word_1_16' title='bbox 472 505 503 572; x_wconf 77' lang='lat' dir='ltr'>et</span> <span class='ocrx_word' id='word_1_17' title='bbox 527 497 643 573; x_wconf 85' lang='lat' dir='ltr'>quidam</span> <span class='ocrx_word' id='word_1_18' title='bbox 668 495 811 552; x_wconf 85' lang='lat' dir='ltr'>atrociora</span> <span class='ocrx_word' id='word_1_19' title='bbox 840 495 963 552; x_wconf 85' lang='lat' dir='ltr'>circurn-</span> 
     </span>
     <span class='ocr_line' id='line_1_4' title="bbox 89 590 962 674; baseline -0.009 -16"><span class='ocrx_word' id='word_1_20' title='bbox 89 602 274 674; x_wconf 76' lang='lat' dir='ltr'>strepebant3</span> <span class='ocrx_word' id='word_1_21' title='bbox 303 600 548 672; x_wconf 74' lang='lat' dir='ltr'>pereoahanturque</span> <span class='ocrx_word' id='word_1_22' title='bbox 575 597 712 659; x_wconf 86' lang='lat' dir='ltr'>Drusum,</span> <span class='ocrx_word' id='word_1_23' title='bbox 739 590 819 649; x_wconf 86' lang='lat' dir='ltr'>daret</span> <span class='ocrx_word' id='word_1_24' title='bbox 845 591 962 650; x_wconf 82' lang='lat' dir='ltr'>ultionis</span> 
     </span>
     <span class='ocr_line' id='line_1_5' title="bbox 89 691 960 775; baseline -0.01 -19"><span class='ocrx_word' id='word_1_25' title='bbox 89 696 250 775; x_wconf 81' lang='lat' dir='ltr'>exemplum,</span> <span class='ocrx_word' id='word_1_26' title='bbox 273 699 369 766; x_wconf 74' lang='lat' dir='ltr'>eloneo</span> <span class='ocrx_word' id='word_1_27' title='bbox 386 696 513 754; x_wconf 88' lang='lat' dir='ltr'>accitam</span> <span class='ocrx_word' id='word_1_28' title='bbox 537 693 763 766; x_wconf 88' lang='lat' dir='ltr'>convictamque</span> <span class='ocrx_word' id='word_1_29' title='bbox 777 691 899 748; x_wconf 86' lang='lat' dir='ltr'>attineri</span> <span class='ocrx_word' id='word_1_30' title='bbox 913 709 960 764; x_wconf 91' lang='lat' dir='ltr'>pu·</span> 
     </span>
     <span class='ocr_line' id='line_1_6' title="bbox 37 781 963 865; baseline -0.009 -11"><span class='ocrx_word' id='word_1_31' title='bbox 37 781 78 842; x_wconf 84' lang='grc'>37</span> <span class='ocrx_word' id='word_1_32' title='bbox 92 798 168 856; x_wconf 86' lang='lat' dir='ltr'>blica</span> <span class='ocrx_word' id='word_1_33' title='bbox 181 796 313 854; x_wconf 89' lang='lat' dir='ltr'>custodia</span> <span class='ocrx_word' id='word_1_34' title='bbox 325 796 416 854; x_wconf 89' lang='lat' dir='ltr'>iussit.</span> <span class='ocrx_word' id='word_1_35' title='bbox 456 795 495 852; x_wconf 84' lang='lat' dir='ltr'>Et</span> <span class='ocrx_word' id='word_1_36' title='bbox 517 793 673 851; x_wconf 71' lang='lat' dir='ltr'>Considius</span> <span class='ocrx_word' id='word_1_37' title='bbox 699 795 828 865; x_wconf 84' lang='lat' dir='ltr'>Aequus,</span> <span class='ocrx_word' id='word_1_38' title='bbox 841 797 873 847; x_wconf 86' lang='lat' dir='ltr'>et</span> <span class='ocrx_word' id='word_1_39' title='bbox 888 791 963 848; x_wconf 79' lang='lat' dir='ltr'>Goe-</span> 
     </span>
     <span class='ocr_line' id='line_1_7' title="bbox 91 887 963 968; baseline -0.01 -14"><span class='ocrx_word' id='word_1_40' title='bbox 91 897 148 954; x_wconf 89' lang='lat' dir='ltr'>llus</span> <span class='ocrx_word' id='word_1_41' title='bbox 173 897 289 962; x_wconf 77' lang='lat' dir='ltr'>Cumor,</span> <span class='ocrx_word' id='word_1_42' title='bbox 312 894 433 968; x_wconf 79' lang='lat' dir='ltr'>Equites</span> <span class='ocrx_word' id='word_1_43' title='bbox 454 894 538 950; x_wconf 86' lang='lat' dir='ltr'>Rom.</span> <span class='ocrx_word' id='word_1_44' title='bbox 552 893 627 965; x_wconf 84' lang='lat' dir='ltr'>quod</span> <span class='ocrx_word' id='word_1_45' title='bbox 643 891 719 948; x_wconf 86' lang='lat' dir='ltr'>lictis</span> <span class='ocrx_word' id='word_1_46' title='bbox 736 889 899 946; x_wconf 86' lang='lat' dir='ltr'>maiestatis</span> <span class='ocrx_word' id='word_1_47' title='bbox 909 887 963 946; x_wconf 88' lang='lat' dir='ltr'>cri·</span> 
     </span>
     <span class='ocr_line' id='line_1_8' title="bbox 91 988 963 1069; baseline -0.01 -16"><span class='ocrx_word' id='word_1_48' title='bbox 91 995 217 1054; x_wconf 86' lang='lat' dir='ltr'>minibus</span> <span class='ocrx_word' id='word_1_49' title='bbox 229 995 359 1069; x_wconf 76' lang='lat' dir='ltr'>Magium</span> <span class='ocrx_word' id='word_1_50' title='bbox 369 991 581 1056; x_wconf 85' lang='lat' dir='ltr'>Caecilianum,</span> <span class='ocrx_word' id='word_1_51' title='bbox 591 991 767 1055; x_wconf 70' lang='lat' dir='ltr'>Praetorem,</span> <span class='ocrx_word' id='word_1_52' title='bbox 778 988 963 1062; x_wconf 71' lang='lat' dir='ltr'>petivissent,</span> 
     </span>
     <span class='ocr_line' id='line_1_9' title="bbox 73 1087 966 1166; baseline -0.006 -16"><span class='ocrx_word' id='word_1_53' title='bbox 73 1099 209 1164; x_wconf 65' lang='lat' dir='ltr'>auctore</span> <span class='ocrx_word' id='word_1_54' title='bbox 222 1093 369 1166; x_wconf 75' lang='lat' dir='ltr'>Principe,</span> <span class='ocrx_word' id='word_1_55' title='bbox 382 1108 418 1149; x_wconf 88' lang='lat' dir='ltr'>ac</span> <span class='ocrx_word' id='word_1_56' title='bbox 428 1092 548 1148; x_wconf 89' lang='lat' dir='ltr'>decreto</span> <span class='ocrx_word' id='word_1_57' title='bbox 560 1091 685 1146; x_wconf 87' lang='lat' dir='ltr'>Senatus</span> <span class='ocrx_word' id='word_1_58' title='bbox 700 1087 802 1161; x_wconf 89' lang='lat' dir='ltr'>puniti</span> <span class='ocrx_word' id='word_1_59' title='bbox 844 1088 966 1146; x_wconf 86' lang='lat' dir='ltr'>Vtrum·</span> 
     </span>
     <span class='ocr_line' id='line_1_10' title="bbox 92 1183 966 1268; baseline -0.01 -18"><span class='ocrx_word' id='word_1_60' title='bbox 92 1211 146 1268; x_wconf 85' lang='lat' dir='ltr'>que</span> <span class='ocrx_word' id='word_1_61' title='bbox 159 1193 190 1250; x_wconf 88' lang='lat' dir='ltr'>in</span> <span class='ocrx_word' id='word_1_62' title='bbox 205 1194 320 1250; x_wconf 88' lang='lat' dir='ltr'>laudem</span> <span class='ocrx_word' id='word_1_63' title='bbox 336 1190 423 1248; x_wconf 80' lang='lat' dir='ltr'>Drusi</span> <span class='ocrx_word' id='word_1_64' title='bbox 448 1191 627 1246; x_wconf 74' lang='lat' dir='ltr'>trahebatur:</span> <span class='ocrx_word' id='word_1_65' title='bbox 648 1185 685 1244; x_wconf 83' lang='lat' dir='ltr'>ab</span> <span class='ocrx_word' id='word_1_66' title='bbox 705 1203 736 1244; x_wconf 85' lang='lat' dir='ltr'>es</span> <span class='ocrx_word' id='word_1_67' title='bbox 748 1185 779 1242; x_wconf 86' lang='lat' dir='ltr'>s&#39;n</span> <span class='ocrx_word' id='word_1_68' title='bbox 791 1183 871 1252; x_wconf 82' lang='lat' dir='ltr'>urbe,</span> <span class='ocrx_word' id='word_1_69' title='bbox 891 1185 966 1242; x_wconf 83' lang='lat' dir='ltr'>inter</span> 
     </span>
     <span class='ocr_line' id='line_1_11' title="bbox 91 1283 965 1368; baseline -0.006 -22"><span class='ocrx_word' id='word_1_70' title='bbox 91 1297 183 1348; x_wconf 76' lang='lat' dir='ltr'>codas</span> <span class='ocrx_word' id='word_1_71' title='bbox 197 1296 223 1346; x_wconf 91' lang='lat' dir='ltr'>et</span> <span class='ocrx_word' id='word_1_72' title='bbox 245 1307 384 1348; x_wconf 76' lang='lat' dir='ltr'>sermones</span> <span class='ocrx_word' id='word_1_73' title='bbox 405 1287 555 1368; x_wconf 85' lang='lat' dir='ltr'>hominum,</span> <span class='ocrx_word' id='word_1_74' title='bbox 568 1285 737 1352; x_wconf 64' lang='lat' dir='ltr'>moerente,</span> <span class='ocrx_word' id='word_1_75' title='bbox 750 1291 859 1342; x_wconf 74' lang='lat' dir='ltr'>maneta</span> <span class='ocrx_word' id='word_1_76' title='bbox 868 1283 965 1360; x_wconf 83' lang='lat' dir='ltr'>patris</span> 
     </span>
     <span class='ocr_line' id='line_1_12' title="bbox 91 1386 964 1463; baseline -0.005 -17"><span class='ocrx_word' id='word_1_77' title='bbox 91 1387 227 1463; x_wconf 71' lang='lat' dir='ltr'>mitigem.</span> <span class='ocrx_word' id='word_1_78' title='bbox 260 1406 354 1462; x_wconf 86' lang='lat' dir='ltr'>neque</span> <span class='ocrx_word' id='word_1_79' title='bbox 379 1390 463 1444; x_wconf 79' lang='lat' dir='ltr'>luxus</span> <span class='ocrx_word' id='word_1_80' title='bbox 487 1388 519 1444; x_wconf 91' lang='lat' dir='ltr'>in</span> <span class='ocrx_word' id='word_1_81' title='bbox 541 1386 649 1442; x_wconf 88' lang='lat' dir='ltr'>iuvene</span> <span class='ocrx_word' id='word_1_82' title='bbox 676 1387 750 1442; x_wconf 82' lang='lat' dir='ltr'>asleo</span> <span class='ocrx_word' id='word_1_83' title='bbox 775 1386 964 1460; x_wconf 80' lang='lat' dir='ltr'>displicebat.</span> 
     </span>
     <span class='ocr_line' id='line_1_13' title="bbox 90 1482 964 1562; baseline 0.001 -20"><span class='ocrx_word' id='word_1_84' title='bbox 90 1485 144 1543; x_wconf 84' lang='lat' dir='ltr'>bne</span> <span class='ocrx_word' id='word_1_85' title='bbox 172 1484 266 1562; x_wconf 84' lang='lat' dir='ltr'>petius</span> <span class='ocrx_word' id='word_1_86' title='bbox 285 1483 443 1551; x_wconf 83' lang='lat' dir='ltr'>intenderet,</span> <span class='ocrx_word' id='word_1_87' title='bbox 467 1483 538 1542; x_wconf 74' lang='lat' dir='ltr'>dan</span> <span class='ocrx_word' id='word_1_88' title='bbox 567 1482 741 1548; x_wconf 82' lang='lat' dir='ltr'>editionibus,</span> <span class='ocrx_word' id='word_1_89' title='bbox 770 1491 878 1542; x_wconf 75' lang='lat' dir='ltr'>nedem</span> <span class='ocrx_word' id='word_1_90' title='bbox 902 1503 964 1544; x_wconf 84' lang='lat' dir='ltr'>cora·</span> 
     </span>
     <span class='ocr_line' id='line_1_14' title="bbox 90 1581 964 1659; baseline 0 -18"><span class='ocrx_word' id='word_1_91' title='bbox 90 1582 311 1653; x_wconf 71' lang='lat' dir='ltr'>sinistrabunt,</span> <span class='ocrx_word' id='word_1_92' title='bbox 331 1600 417 1659; x_wconf 62' lang='lat' dir='ltr'>mam</span> <span class='ocrx_word' id='word_1_93' title='bbox 434 1583 521 1648; x_wconf 80' lang='lat' dir='ltr'>selua,</span> <span class='ocrx_word' id='word_1_94' title='bbox 540 1589 566 1640; x_wconf 89' lang='lat' dir='ltr'>et</span> <span class='ocrx_word' id='word_1_95' title='bbox 585 1581 673 1640; x_wconf 73' lang='lat' dir='ltr'>aaa</span> <span class='ocrx_word' id='word_1_96' title='bbox 691 1581 882 1659; x_wconf 77' lang='lat' dir='ltr'>uoluptatibus</span> <span class='ocrx_word' id='word_1_97' title='bbox 901 1601 964 1641; x_wconf 73' lang='lat' dir='ltr'>ane</span> 
     </span>
     <span class='ocr_line' id='line_1_15' title="bbox 90 1679 1065 1757; baseline -0.001 -16"><span class='ocrx_word' id='word_1_98' title='bbox 90 1689 176 1750; x_wconf 75' lang='lat' dir='ltr'>emus,</span> <span class='ocrx_word' id='word_1_99' title='bbox 197 1688 333 1740; x_wconf 74' lang='lat' dir='ltr'>maenam</span> <span class='ocrx_word' id='word_1_100' title='bbox 353 1679 532 1757; x_wconf 79' lang='lat' dir='ltr'>vigilantiam</span> <span class='ocrx_word' id='word_1_101' title='bbox 551 1687 576 1738; x_wconf 87' lang='lat' dir='ltr'>et</span> <span class='ocrx_word' id='word_1_102' title='bbox 599 1679 692 1738; x_wconf 87' lang='lat' dir='ltr'>malas</span> <span class='ocrx_word' id='word_1_103' title='bbox 711 1697 797 1740; x_wconf 79' lang='lat' dir='ltr'>naras</span> <span class='ocrx_word' id='word_1_104' title='bbox 816 1689 963 1740; x_wconf 70' lang='lat' dir='ltr'>exmcnet.</span> <span class='ocrx_word' id='word_1_105' title='bbox 1064 1743 1065 1754; x_wconf 20' lang='lat' dir='ltr'>p</span> 
     </span>
     <span class='ocr_line' id='line_1_16' title="bbox 39 1781 1065 1869; baseline 0 -31"><span class='ocrx_word' id='word_1_106' title='bbox 39 1781 163 1840; x_wconf 84' lang='lat' dir='ltr'>3llNon</span> <span class='ocrx_word' id='word_1_107' title='bbox 188 1782 268 1838; x_wconf 89' lang='lat' dir='ltr'>enirn</span> <span class='ocrx_word' id='word_1_108' title='bbox 294 1781 441 1850; x_wconf 80' lang='lat' dir='ltr'>Tiberius,</span> <span class='ocrx_word' id='word_1_109' title='bbox 477 1798 535 1838; x_wconf 89' lang='lat' dir='ltr'>non</span> <span class='ocrx_word' id='word_1_110' title='bbox 562 1789 747 1838; x_wconf 76' lang='lat' dir='ltr'>accusatores</span> <span class='ocrx_word' id='word_1_111' title='bbox 775 1781 963 1840; x_wconf 78' lang='lat' dir='ltr'>latiscebant.</span> <span class='ocrx_word' id='word_1_112' title='bbox 1064 1819 1065 1869; x_wconf 48' lang='lat' dir='ltr'>p</span> 
     </span>
     <span class='ocr_line' id='line_1_17' title="bbox 91 1879 962 1948; baseline 0 -9"><span class='ocrx_word' id='word_1_113' title='bbox 91 1882 131 1940; x_wconf 88' lang='lat' dir='ltr'>Et</span> <span class='ocrx_word' id='word_1_114' title='bbox 148 1880 312 1938; x_wconf 82' lang='lat' dir='ltr'>Ancharius</span> <span class='ocrx_word' id='word_1_115' title='bbox 323 1880 440 1937; x_wconf 88' lang='lat' dir='ltr'>Priscus</span> <span class='ocrx_word' id='word_1_116' title='bbox 450 1879 590 1938; x_wconf 82' lang='lat' dir='ltr'>Caesium</span> <span class='ocrx_word' id='word_1_117' title='bbox 602 1880 737 1948; x_wconf 83' lang='lat' dir='ltr'>Cordum,</span> <span class='ocrx_word' id='word_1_118' title='bbox 752 1879 962 1940; x_wconf 87' lang='lat' dir='ltr'>Proconsulem</span> 
     </span>
     <span class='ocr_line' id='line_1_18' title="bbox 92 1977 962 2052; baseline -0.001 -14"><span class='ocrx_word' id='word_1_119' title='bbox 92 1980 208 2047; x_wconf 82' lang='lat' dir='ltr'>Cretae,</span> <span class='ocrx_word' id='word_1_120' title='bbox 236 1981 433 2052; x_wconf 78' lang='lat' dir='ltr'>postulaverat</span> <span class='ocrx_word' id='word_1_121' title='bbox 462 1977 650 2050; x_wconf 69' lang='lat' dir='ltr'>repetundise</span> <span class='ocrx_word' id='word_1_122' title='bbox 675 1977 776 2034; x_wconf 88' lang='lat' dir='ltr'>addito</span> <span class='ocrx_word' id='word_1_123' title='bbox 801 1979 962 2038; x_wconf 85' lang='lat' dir='ltr'>maiestatis</span> 
     </span>
     <span class='ocr_line' id='line_1_19' title="bbox 91 2077 963 2155; baseline 0 -19"><span class='ocrx_word' id='word_1_124' title='bbox 91 2078 223 2146; x_wconf 88' lang='lat' dir='ltr'>crimine,</span> <span class='ocrx_word' id='word_1_125' title='bbox 243 2079 319 2155; x_wconf 87' lang='lat' dir='ltr'>quod</span> <span class='ocrx_word' id='word_1_126' title='bbox 343 2083 403 2134; x_wconf 86' lang='lat' dir='ltr'>tum</span> <span class='ocrx_word' id='word_1_127' title='bbox 430 2077 559 2134; x_wconf 84' lang='lat' dir='ltr'>omnium</span> <span class='ocrx_word' id='word_1_128' title='bbox 588 2077 810 2134; x_wconf 78' lang='lat' dir='ltr'>accusationum</span> <span class='ocrx_word' id='word_1_129' title='bbox 834 2081 963 2150; x_wconf 87' lang='lat' dir='ltr'>comple·</span> 
     </span>
     <span class='ocr_line' id='line_1_20' title="bbox 92 2157 1064 2249; baseline -0.002 -13"><span class='ocrx_word' id='word_1_130' title='bbox 92 2183 306 2236; x_wconf 87' lang='lat' dir='ltr'>mentumerat.</span> <span class='ocrx_word' id='word_1_131' title='bbox 347 2157 633 2234; x_wconf 76' lang='lat' dir='ltr'>GaesarAnlislianr</span> <span class='ocrx_word' id='word_1_132' title='bbox 655 2175 843 2242; x_wconf 85' lang='lat' dir='ltr'>Veterem,·e</span> <span class='ocrx_word' id='word_1_133' title='bbox 859 2177 963 2249; x_wconf 78' lang='lat' dir='ltr'>primo</span> <span class='ocrx_word' id='word_1_134' title='bbox 1063 2213 1064 2248; x_wconf 74' lang='lat'>3</span> 
     </span>
     <span class='ocr_line' id='line_1_21' title="bbox 92 2273 1064 2348; baseline -0.004 -14"><span class='ocrx_word' id='word_1_135' title='bbox 92 2277 170 2334; x_wconf 86' lang='lat' dir='ltr'>ribus</span> <span class='ocrx_word' id='word_1_136' title='bbox 203 2276 408 2343; x_wconf 87' lang='lat' dir='ltr'>Macedoniae,</span> <span class='ocrx_word' id='word_1_137' title='bbox 435 2275 597 2332; x_wconf 82' lang='lat' dir='ltr'>absolutum</span> <span class='ocrx_word' id='word_1_138' title='bbox 631 2274 778 2340; x_wconf 78' lang='lat' dir='ltr'>aebrlterii,</span> <span class='ocrx_word' id='word_1_139' title='bbox 809 2273 963 2348; x_wconf 78' lang='lat' dir='ltr'>increpitis</span> <span class='ocrx_word' id='word_1_140' title='bbox 1063 2315 1064 2330; x_wconf 48' lang='lat' dir='ltr'>r</span> 
     </span>
     <span class='ocr_line' id='line_1_22' title="bbox 92 2373 962 2442; baseline -0.002 -10"><span class='ocrx_word' id='word_1_141' title='bbox 92 2377 247 2442; x_wconf 86' lang='lat' dir='ltr'>iudicibus,</span> <span class='ocrx_word' id='word_1_142' title='bbox 262 2377 297 2432; x_wconf 84' lang='lat' dir='ltr'>ad</span> <span class='ocrx_word' id='word_1_143' title='bbox 318 2374 472 2432; x_wconf 89' lang='lat' dir='ltr'>dicendam</span> <span class='ocrx_word' id='word_1_144' title='bbox 496 2373 656 2430; x_wconf 85' lang='lat' dir='ltr'>maiestatis</span> <span class='ocrx_word' id='word_1_145' title='bbox 676 2389 811 2430; x_wconf 85' lang='lat' dir='ltr'>caussam</span> <span class='ocrx_word' id='word_1_146' title='bbox 829 2375 962 2441; x_wconf 82' lang='lat' dir='ltr'>retraxit,</span> 
     </span>
     <span class='ocr_line' id='line_1_23' title="bbox 94 2457 1064 2544; baseline -0.003 -13"><span class='ocrx_word' id='word_1_147' title='bbox 94 2481 125 2531; x_wconf 91' lang='lat' dir='ltr'>ul</span> <span class='ocrx_word' id='word_1_148' title='bbox 146 2475 298 2543; x_wconf 88' lang='lat' dir='ltr'>turbidum,</span> <span class='ocrx_word' id='word_1_149' title='bbox 319 2479 349 2528; x_wconf 94' lang='lat' dir='ltr'>et</span> <span class='ocrx_word' id='word_1_150' title='bbox 372 2471 598 2544; x_wconf 82' lang='lat' dir='ltr'>Rhescuporidis</span> <span class='ocrx_word' id='word_1_151' title='bbox 622 2472 755 2530; x_wconf 62' lang='lat' dir='ltr'>coauliis</span> <span class='ocrx_word' id='word_1_152' title='bbox 775 2471 962 2543; x_wconf 81' lang='lat' dir='ltr'>permixtum,</span> <span class='ocrx_word' id='word_1_153' title='bbox 1063 2457 1064 2472; x_wconf 46' lang='lat'>¹</span> 
     </span>
     <span class='ocr_line' id='line_1_24' title="bbox 94 2569 961 2646; baseline 0 -18"><span class='ocrx_word' id='word_1_154' title='bbox 94 2589 149 2646; x_wconf 87' lang='lat' dir='ltr'>qua</span> <span class='ocrx_word' id='word_1_155' title='bbox 175 2576 357 2642; x_wconf 81' lang='lat' dir='ltr'>tempestate,</span> <span class='ocrx_word' id='word_1_156' title='bbox 379 2571 475 2643; x_wconf 87' lang='lat' dir='ltr'>Cotye</span> <span class='ocrx_word' id='word_1_157' title='bbox 502 2569 666 2638; x_wconf 85' lang='lat' dir='ltr'>interiecto,</span> <span class='ocrx_word' id='word_1_158' title='bbox 693 2572 799 2627; x_wconf 89' lang='lat' dir='ltr'>bellum</span> <span class='ocrx_word' id='word_1_159' title='bbox 820 2571 961 2628; x_wconf 85' lang='lat' dir='ltr'>adversus</span> 
     </span>
     <span class='ocr_line' id='line_1_25' title="bbox 93 2665 961 2745; baseline -0.007 -15"><span class='ocrx_word' id='word_1_160' title='bbox 93 2687 147 2730; x_wconf 84' lang='lat' dir='ltr'>nos</span> <span class='ocrx_word' id='word_1_161' title='bbox 172 2673 313 2726; x_wconf 86' lang='lat' dir='ltr'>volverat.</span> <span class='ocrx_word' id='word_1_162' title='bbox 355 2669 447 2743; x_wconf 78' lang='lat' dir='ltr'>lgilur</span> <span class='ocrx_word' id='word_1_163' title='bbox 469 2685 545 2745; x_wconf 85' lang='lat' dir='ltr'>aqua</span> <span class='ocrx_word' id='word_1_164' title='bbox 570 2674 596 2724; x_wconf 91' lang='lat' dir='ltr'>et</span> <span class='ocrx_word' id='word_1_165' title='bbox 622 2665 684 2742; x_wconf 83' lang='lat' dir='ltr'>igni</span> <span class='ocrx_word' id='word_1_166' title='bbox 707 2665 884 2726; x_wconf 79' lang='lat' dir='ltr'>iraterdr&#39;ctam</span> <span class='ocrx_word' id='word_1_167' title='bbox 905 2686 961 2736; x_wconf 85' lang='lat' dir='ltr'>reo,</span> 
     </span>
     <span class='ocr_line' id='line_1_26' title="bbox 80 2763 962 2844; baseline 0 -20"><span class='ocrx_word' id='word_1_168' title='bbox 80 2765 310 2844; x_wconf 67' lang='lat' dir='ltr'>&#39;adpositumque</span> <span class='ocrx_word' id='word_1_169' title='bbox 332 2763 649 2832; x_wconf 61' lang='lat' dir='ltr'>ulimmerianum,</span> <span class='ocrx_word' id='word_1_170' title='bbox 670 2782 755 2841; x_wconf 74' lang='lat' dir='ltr'>reque</span> <span class='ocrx_word' id='word_1_171' title='bbox 779 2765 962 2824; x_wconf 75' lang='lat' dir='ltr'>Macedoniae</span> 
     </span>
     <span class='ocr_line' id='line_1_27' title="bbox 85 2857 961 2942; baseline -0.002 -18"><span class='ocrx_word' id='word_1_172' title='bbox 85 2883 179 2942; x_wconf 77' lang='lat' dir='ltr'>neque</span> <span class='ocrx_word' id='word_1_173' title='bbox 207 2862 347 2924; x_wconf 76' lang='lat' dir='ltr'>Thraciae</span> <span class='ocrx_word' id='word_1_174' title='bbox 374 2871 536 2940; x_wconf 72' lang='lat' dir='ltr'>opportuna</span> <span class='ocrx_word' id='word_1_175' title='bbox 587 2867 665 2924; x_wconf 89' lang='lat' dir='ltr'>Nem</span> <span class='ocrx_word' id='word_1_176' title='bbox 696 2857 836 2933; x_wconf 78' lang='lat' dir='ltr'>Thracia,</span> <span class='ocrx_word' id='word_1_177' title='bbox 862 2867 961 2922; x_wconf 84' lang='lat' dir='ltr'>diviso</span> 
     </span>
     <span class='ocr_line' id='line_1_28' title="bbox 81 2953 961 3038; baseline -0.002 -15"><span class='ocrx_word' id='word_1_178' title='bbox 81 2955 217 3038; x_wconf 43' lang='lat' dir='ltr'>&#39;imperio</span> <span class='ocrx_word' id='word_1_179' title='bbox 232 2963 263 3020; x_wconf 90' lang='lat' dir='ltr'>in</span> <span class='ocrx_word' id='word_1_180' title='bbox 284 2953 515 3020; x_wconf 86' lang='lat' dir='ltr'>Rhoemetalcen</span> <span class='ocrx_word' id='word_1_181' title='bbox 535 2969 565 3020; x_wconf 90' lang='lat' dir='ltr'>et</span> <span class='ocrx_word' id='word_1_182' title='bbox 586 2962 692 3022; x_wconf 85' lang='lat' dir='ltr'>liberos</span> <span class='ocrx_word' id='word_1_183' title='bbox 713 2963 826 3036; x_wconf 82' lang='lat' dir='ltr'>Cotyis,</span> <span class='ocrx_word' id='word_1_184' title='bbox 846 2964 910 3038; x_wconf 82' lang='lat' dir='ltr'>quis</span> <span class='ocrx_word' id='word_1_185' title='bbox 924 2965 961 3020; x_wconf 94' lang='lat' dir='ltr'>ob</span> 
     </span>
     <span class='ocr_line' id='line_1_29' title="bbox 95 3061 962 3128; baseline 0 -8"><span class='ocrx_word' id='word_1_186' title='bbox 95 3064 247 3122; x_wconf 85' lang='lat' dir='ltr'>inlanliam</span> <span class='ocrx_word' id='word_1_187' title='bbox 272 3067 346 3118; x_wconf 90' lang='lat' dir='ltr'>tutor</span> <span class='ocrx_word' id='word_1_188' title='bbox 366 3067 428 3117; x_wconf 86' lang='lat' dir='ltr'>erat</span> <span class='ocrx_word' id='word_1_189' title='bbox 451 3061 658 3120; x_wconf 80' lang='lat' dir='ltr'>Trebellienus</span> <span class='ocrx_word' id='word_1_190' title='bbox 682 3061 782 3128; x_wconf 85' lang='lat' dir='ltr'>Rulus,</span> <span class='ocrx_word' id='word_1_191' title='bbox 802 3061 962 3120; x_wconf 85' lang='lat' dir='ltr'>insolentia</span> 
     </span>
     <span class='ocr_line' id='line_1_30' title="bbox 95 3157 961 3230; baseline 0 -12"><span class='ocrx_word' id='word_1_192' title='bbox 95 3160 187 3218; x_wconf 82' lang='lat' dir='ltr'>nostri</span> <span class='ocrx_word' id='word_1_193' title='bbox 210 3159 318 3218; x_wconf 84' lang='lat' dir='ltr'>discors</span> <span class='ocrx_word' id='word_1_194' title='bbox 336 3157 459 3230; x_wconf 75' lang='lat' dir='ltr'>agebat3</span> <span class='ocrx_word' id='word_1_195' title='bbox 480 3175 572 3230; x_wconf 87' lang='lat' dir='ltr'>neque</span> <span class='ocrx_word' id='word_1_196' title='bbox 596 3159 690 3217; x_wconf 87' lang='lat' dir='ltr'>minus</span> <span class='ocrx_word' id='word_1_197' title='bbox 716 3159 961 3224; x_wconf 81' lang='lat' dir='ltr'>Rhoemetalcen,</span> 
     </span>
     <span class='ocr_line' id='line_1_31' title="bbox 94 3253 961 3332; baseline -0.001 -16"><span class='ocrx_word' id='word_1_198' title='bbox 94 3275 179 3332; x_wconf 82' lang='lat' dir='ltr'>quam</span> <span class='ocrx_word' id='word_1_199' title='bbox 207 3255 436 3318; x_wconf 69' lang='lat' dir='ltr'>h&#39;rebellienum,</span> <span class='ocrx_word' id='word_1_200' title='bbox 469 3253 614 3320; x_wconf 87' lang='lat' dir='ltr'>incusans,</span> <span class='ocrx_word' id='word_1_201' title='bbox 635 3257 814 3328; x_wconf 84' lang='lat' dir='ltr'>popularium</span> <span class='ocrx_word' id='word_1_202' title='bbox 838 3257 961 3316; x_wconf 89' lang='lat' dir='ltr'>iniurias</span> 
     </span>
     <span class='ocr_line' id='line_1_32' title="bbox 95 3350 1016 3426; baseline 0 -13"><span class='ocrx_word' id='word_1_203' title='bbox 95 3358 202 3413; x_wconf 81' lang='lat' dir='ltr'>inultas</span> <span class='ocrx_word' id='word_1_204' title='bbox 215 3354 319 3410; x_wconf 85' lang='lat' dir='ltr'>sinere.</span> <span class='ocrx_word' id='word_1_205' title='bbox 361 3350 508 3417; x_wconf 78' lang='lat' dir='ltr'>caelatae,</span> <span class='ocrx_word' id='word_1_206' title='bbox 520 3351 716 3426; x_wconf 87' lang='lat' dir='ltr'>Odrusaeque,</span> <span class='ocrx_word' id='word_1_207' title='bbox 725 3357 754 3409; x_wconf 90' lang='lat' dir='ltr'>et</span> <span class='ocrx_word' id='word_1_208' title='bbox 766 3354 828 3421; x_wconf 91' lang='lat' dir='ltr'>Dii,</span> <span class='ocrx_word' id='word_1_209' title='bbox 842 3357 961 3419; x_wconf 77' lang='lat' dir='ltr'>validas</span> <span class='ocrx_word' id='word_1_210' title='bbox 1013 3405 1016 3416; x_wconf 80' lang='grc'>,</span> 
     </span>
     <span class='ocr_line' id='line_1_33' title="bbox 95 3429 1019 3528; baseline 0.002 -16"><span class='ocrx_word' id='word_1_211' title='bbox 95 3453 237 3522; x_wconf 81' lang='lat' dir='ltr'>nationes,</span> <span class='ocrx_word' id='word_1_212' title='bbox 257 3465 335 3510; x_wconf 85' lang='lat' dir='ltr'>arma</span> <span class='ocrx_word' id='word_1_213' title='bbox 355 3461 467 3520; x_wconf 86' lang='lat' dir='ltr'>cepere,</span> <span class='ocrx_word' id='word_1_214' title='bbox 488 3447 620 3506; x_wconf 79' lang='lat' dir='ltr'>Ducibus</span> <span class='ocrx_word' id='word_1_215' title='bbox 639 3450 773 3521; x_wconf 63' lang='lat' dir='ltr'>bremis,</span> <span class='ocrx_word' id='word_1_216' title='bbox 792 3457 824 3510; x_wconf 91' lang='lat' dir='ltr'>et</span> <span class='ocrx_word' id='word_1_217' title='bbox 844 3455 965 3528; x_wconf 85' lang='lat' dir='ltr'>peribus</span> <span class='ocrx_word' id='word_1_218' title='bbox 1014 3429 1019 3440; x_wconf 41' lang='lat'><strong><em>¹</em></strong></span> 
     </span>
    </p>
   </div>
   <div class='ocr_carea' id='block_1_3' title="bbox 0 0 1088 3834">
    <p class='ocr_par' dir='ltr' id='par_1_3' title="bbox 0 0 1088 3834">
     <span class='ocr_line' id='line_1_34' title="bbox 0 0 1088 3834; baseline 0 0"><span class='ocrx_word' id='word_1_219' title='bbox 0 0 1088 3834; x_wconf 95' lang='lat' dir='ltr'> </span> 
     </span>
    </p>
   </div>
  </div>
 </body>
</html>
