2166 3834
124 187 195 258 118
448 208 633 256 snussnss
847 209 877 256 s.
895 208 928 256 V.
942 213 994 258 ns.
1061 195 1062 254 3

122 349 298 437 expediere:
319 362 399 431 dein,
413 369 510 422 mulus
524 363 687 428 formidine,
701 377 762 419 uon
781 363 858 420 ullra
868 361 996 435 iurgium

122 479 287 548 processum
306 468 369 520 est:
393 461 560 535 Marsusque
580 461 687 518 Vibius
711 460 858 518 nonliauil
883 459 997 528 Pisoni,
1045 531 1052 544 ι

123 563 269 620 ‘Romans
281 562 317 618 ad
328 560 483 618 dicendam
494 577 628 618 caussam
636 558 769 617 veniret
804 560 861 618 llle
871 560 999 616 eludens
1061 581 1062 590 ¹

123 660 280 733 respondit,
300 660 490 725 ‘,adluturum
509 659 559 715 abi
580 659 710 725 Praetor,
723 675 771 732 qur
763 659 823 714 sle
840 658 996 714 veneficiis

124 765 304 834 ‘quaereret,
318 775 368 814 reo
388 764 474 830 sique
498 757 713 814 accusatoribus
733 757 812 814 diem
835 755 998 828 proellixis·
1061 773 1062 818 l

124 855 210 914 ’.ἰοί
251 856 371 914 Interim
393 855 539 912 Domilius
554 856 742 920 Laodiceam,
762 857 863 912 urbem
880 854 999 928 Syriae,

124 957 268 1029 adpulsos,
283 973 348 1014 cum
372 955 493 1013 biberua
506 961 609 1011 sextae
630 954 753 1028 legionis
775 959 899 1026 palerel,
920 955 996 1028 quod

125 1071 190 1112 sam
218 1055 345 1112 masinae
373 1055 459 1110 novis
485 1053 617 1110 consiliis
652 1053 789 1110 idoneam
823 1054 951 1116 rebalur‚
977 1069 995 1108 a
1061 1067 1062 1116 ζ

125 1153 258 1210 Pacuvio
271 1155 384 1227 [regalo
398 1151 591 1225 praevenitur.
634 1152 668 1208 ld
685 1151 804 1209 Sentius
820 1151 922 1207 Pisoni
946 1167 995 1223 per
1061 1143 1062 1202 l

124 1252 235 1308 litteras
257 1254 359 1324 sperit,
388 1256 550 1324 monelque,
574 1256 632 1306 ‘nc
653 1257 748 1306 caslrn
770 1249 993 1320 corruptoribus,

124 1353 179 1405 ‘ne
194 1351 376 1420 provinciam
391 1352 469 1406 bello
482 1355 575 1406 leniet
584 1347 600 1404 ι’
613 1365 740 1422 quosque
752 1348 926 1404 Germanici
937 1365 993 1403 nse·

123 1461 226 1510 mores,
237 1447 305 1502 anl'
297 1448 425 1506 inimicis
438 1449 501 1504 eius
514 1449 651 1504 adversos
665 1453 856 1518 cognoverat,
880 1452 993 1502 conlra-
1061 1475 1062 1490 ,

124 1545 186 1611 hil3
215 1543 437 1617 magnitudinem
459 1544 642 1620 Inrpcrolors‘a
660 1545 854 1602 identidem'
848 1561 993 1618 ingerens,

124 1641 557 1719 etRempablicnmormispeti:
575 1645 854 1717 ducilqucvnlislam
866 1659 995 1708 manum,

73 1738 154 1798 abst
179 1742 289 1812 proelio
315 1750 451 1815 parslam.
494 1744 560 1798 Nec
590 1743 665 1808 Piso,
690 1759 862 1814 quamquam
887 1747 994 1811 coeoln
1061 1751 1062 1798 l

124 1855 208 1895 secus
221 1841 375 1908 cadebant,
388 1841 485 1896 omisit
511 1841 662 1907 lulissima,
676 1859 693 1896 c
709 1841 919 1911 praesentibus,
940 1839 993 1894 sesi
1061 1863 1062 1896 l

124 1939 277 1994 castellum
304 1939 429 1996 Ciliciae
458 1939 598 1994 munitum
625 1939 789 2003 admodum,
811 1938 860 1994 cui
886 1955 996 1994 nomeu·
1061 1915 1062 1960 ³

124 2034 305 2102 Celenderis,
337 2043 470 2108 occupat.
515 2039 590 2092 Nam
621 2035 760 2092 admistis
788 2036 994 2104 desertoribus,
1061 2083 1062 2094 2

123 2135 261 2191 el·lirone
277 2153 364 2206 nuper
378 2135 549 2205 inlerceolo,
569 2136 684 2208 suisque
699 2142 729 2190 et
758 2135 921 2192 Plancinae
936 2152 994 2192 ser·

125 2232 215 2296 viliis,
243 2235 352 2291 auxilia
376 2233 511 2298 Cilicum,
542 2251 615 2306 quae
646 2234 750 2307 Reguli
779 2235 933 2300 miserant,
962 2234 994 2291 io
1061 2277 1062 2302 ,

122 2345 272 2388 numerum
309 2331 429 2404 legionis
463 2339 672 2402 composuerat.
714 2332 930 2407 ‘Caesarisque
961 2349 993 2388 se
1061 2311 1062 2358 3

124 2428 308 2498 ‘Legarnrn‚'
329 2433 493 2493 lestabalur,
519 2430 696 2501 ‘provincia
711 2447 797 2502 quam
813 2431 839 2486 is
853 2431 995 2496 sledissel,
1061 2409 1062 2472 i

123 2525 237 2580 ‘arceri
254 2543 310 2580 non
326 2545 341 2579 a
358 2527 527 2597 legionibus,
539 2545 636 2584 earum
648 2529 755 2600 quippe
770 2529 869 2584 accitu
882 2529 995 2595 venire,

122 2619 195 2670 ‘sed
224 2637 239 2671 a
271 2623 382 2682 Seruio,
411 2624 553 2693 {saivalom
581 2625 678 2682 ollium
707 2626 786 2681 falsis
819 2627 995 2682 criminibus

121 2716 272 2783 ‘legente
292 2719 483 2777 consislerenl
510 2723 539 2778 in
555 2723 627 2779 acia.
644 2741 700 2778 non
726 2727 898 2795 pugnaturis
921 2725 996 2781 mili·

120 2808 232 2871 ‘libna
261 2814 309 2868 ubi
339 2816 487 2882 Pisonem,
515 2823 551 2876 ab
580 2821 651 2887 ipsis
673 2829 823 2892 parentem
844 2825 996 2894 quondam
1061 2805 1062 2878 i

119 2907 327 2973 ‘novellarum
342 2912 366 2966 si
382 2913 442 2968 iure
456 2925 597 2986 egerens,
613 2919 761 2988 poliorern,
776 2920 800 2974 si
817 2921 918 2986 armis,
933 2939 994 2978 uon
1061 2885 1062 2980 i

117 2999 303 3060 ‘invalidum
331 3007 492 3066 vidissent.⁸
532 3016 610 3070 'l'um
636 3033 686 3086 pro
714 3016 907 3074 munimenlis
930 3037 995 3076 cas·

117 3097 181 3149 lelli
197 3102 358 3168 manipulos
373 3106 512 3174 exrslicat,
526 3115 603 3167 colle
617 3115 706 3168 arduo
719 3120 749 3168 et
762 3116 909 3187 demptos
926 3135 996 3176 nam

115 3199 215 3246 celera
237 3193 306 3252 mari
331 3199 494 3268 cinguntur.
537 3208 646 3282 Conlra
671 3211 813 3276 valerani,
838 3215 994 3272 ordinibus

113 3297 150 3338 ac
177 3291 311 3344 subsidiis
338 3295 477 3350 instrucli.
503 3301 571 3356 hinc
598 3305 730 3370 militum,
758 3309 830 3364 insle
860 3313 996 3372 locorum

112 3385 264 3452 asperitas.
279 3389 330 3444 scsl
344 3406 403 3446 nou
416 3391 540 3464 animus,
553 3415 615 3456 nou
626 3419 702 3472 spes,
717 3421 755 3460 ue
779 3409 841 3463 tela
860 3411 1001 3484 quidem,
