2134 3826
98 227 217 283 nnn.
321 233 394 282 mu.
422 231 462 282 1.·
497 233 575 282 oue.
602 211 770 282 ott-41.
921 211 968 282 3⁷

97 389 231 462 sunguine
246 407 303 447 suo
320 389 427 448 ultorio
450 388 537 448 debru
560 387 843 447 oommsoulsvisset.
885 389 969 448 Luoe

97 487 215 558 demum,
231 495 390 565 postquem
403 491 464 546 rluu
487 495 517 546 et
531 489 615 546 miles
629 495 660 546 et
673 489 751 546 laete
765 489 969 555 noscebantur,

96 585 235 662 ingressus
248 597 353 648 oestro
378 589 581 656 Germanicus,
594 588 714 662 perduoi
728 589 764 644 ud
779 605 810 644 se
827 587 969 646 Plenouru

97 685 222 760 imperat,
237 690 406 764 reeipitque
419 689 451 746 in
475 689 611 745 tribuual.
654 687 734 746 Tum
738 685 863 766 satalon
877 688 970 744 inere·

97 801 164 858 pens
176 785 298 858 rabiem,
321 805 409 864 nepote
427 785 556 855 maisou,
574 785 626 844 secl
647 785 726 844 burn
745 785 793 844 iro
812 801 970 862 mmrgere,

93 901 143 942 our
156 889 295 946 venerint
310 874 412 962 legali,
426 888 537 962 sperit:
557 885 605 943 ino
615 883 773 962 legationis,
787 891 870 963 utpote
878 883 970 963 ipsim

97 981 193 1042 Plouu'
210 1003 335 1062 greum
352 993 378 1044 et
397 986 567 1045 temnentem
587 999 694 1053 rosum,
715 986 811 1052 simul,
832 991 969 1062 quautam

98 1079 228 1144 dedecoris
243 1085 443 1162 ndimitlegu'u
455 1087 581 1146 laonntle
602 1089 763 1153 miseratur,
787 1085 969 1160 attonitoque

97 1185 194 1258 mugio,
207 1203 298 1262 quum
313 1186 411 1260 quiete
425 1187 579 1252 counione,
593 1189 715 1261 legatos,
728 1184 872 1258 praesidio
886 1182 968 1242 euxi-

96 1281 204 1342 limium
228 1286 372 1360 equitum,
392 1285 522 1342 dimittit.
564 1286 610 1342 Eo
623 1285 654 1362 in
670 1291 748 1344 metu
761 1301 880 1360 urguere
895 1283 968 1342 Ger·
978 1275 1020 1332 40

96 1383 239 1441 muniourn
252 1401 368 1450 omnes,
382 1386 476 1458 ‘quod
492 1402 550 1442 nou
565 1386 601 1442 ull
616 1384 792 1456 superiorem
803 1383 967 1442 exereitum

97 1482 104 1510 ‘
115 1489 256 1556 pergeret,
270 1485 322 1540 ubi
343 1483 490 1556 obsequis,
511 1489 540 1540 et
553 1491 657 1542 ooutra
678 1483 794 1540 rebellis
813 1483 966 1542 auxilium.

93 1583 102 1610 ⁴
116 1579 193 1638 Setis
206 1593 354 1656 superque
368 1582 505 1640 missione
519 1588 550 1640 et
564 1583 690 1656 pecunie
704 1587 733 1640 et
748 1583 883 1640 mollibus
897 1599 966 1640 oon·

93 1680 191 1738 ‘sultis
221 1686 394 1755 peecatum:
418 1685 473 1750 vel,
488 1682 513 1738 ei
530 1681 597 1738 vilis
611 1681 667 1755 ipsi
686 1685 773 1749 sulus,
797 1701 849 1740 our
874 1681 966 1740 tilium

95 1781 280 1850 ‘parvulum
313 1797 365 1837 our
400 1781 551 1854 gravidum
578 1781 741 1856 onningen,
768 1781 846 1838 inter
872 1781 966 1840 truen-

93 1880 167 1946 ‘tes,
197 1885 232 1936 et
262 1879 357 1936 omnis
385 1879 506 1937 bunrsni
532 1880 602 1937 iuris
634 1881 790 1938 violatores
820 1877 965 1938 heberet?

94 1976 179 2035 ‘illos
204 1981 313 2036 saltem
335 1983 444 2036 uvoei
467 1979 510 2036 rei
542 1980 676 2053 pubtioae
710 1978 862 2038 redoleret?
904 1979 965 2036 Diu

91 2083 257 2144 ounetetue,
281 2078 505 2151 adspernuutem
527 2096 658 2146 uxorem,
671 2095 739 2136 oum
753 2087 804 2135 ‘se
818 2079 889 2136 diuo
906 2081 965 2136 Au·

92 2179 197 2250 ‘gusto
211 2183 316 2244 orum,
331 2195 424 2251 neque
447 2179 621 2252 degenerem
642 2179 680 2234 sd
695 2175 832 2250 perieule’
847 2183 964 2234 testare·

91 2276 142 2341 tur,
157 2283 308 2348 postremo
321 2282 431 2333 uterum
445 2277 508 2334 eius
522 2282 552 2334 et
562 2293 747 2334 communem
759 2276 858 2341 fitium,
874 2277 965 2334 mullo

90 2387 155 2430 eum
170 2375 251 2439 lietu,
265 2377 435 2446 complexus
450 2382 481 2432 ut
502 2377 597 2432 obiret
626 2375 759 2448 perpulit.
803 2374 963 2432 Incedebat

91 2473 232 2530 muliebre
257 2480 287 2530 et
314 2471 480 2532 miserabile
501 2491 618 2548 agmen,
641 2473 761 2548 prolege
783 2473 866 2532 ducis
881 2493 963 2544 uxor,

90 2575 243 2642 parvulum
262 2572 327 2629 sinu
359 2573 449 2630 filium
477 2591 600 2648 gerens:
636 2563 962 2634 larnentanres'circun

91 2671 250 2728 amicorum
264 2671 507 2747 coniuges,'quae
531 2673 615 2730 simul
639 2673 826 2732 trahebantur
844 2693 899 2732 neo
911 2675 962 2732 mi·

91 2785 143 2826 uus
158 2771 266 2836 tristes,
290 2771 339 2844 qui
361 2773 528 2828 manebant.
571 2772 639 2828 Nou
663 2772 792 2830 florentis
818 2775 1011 2851 Caesaris‚41

91 2884 182 2943 neque
201 2871 263 2926 suis
277 2870 308 2926 in
322 2870 434 2937 eastris,
448 2871 499 2926 sed
522 2870 646 2926 velutin
661 2873 730 2927 urbe
752 2871 841 2940 vieto,
862 2873 962 2942 lucios,

92 2969 272 3043 gemitusque
287 2985 323 3025 ue
348 2971 491 3040 planetus,
515 2970 604 3026 etium
619 2970 743 3028 militum
757 2990 839 3028 eures
854 2991 961 3048 oraque

89 3068 248 3124 advenere.
291 3067 517 3140 Progrediuutur
530 3069 744 3125 contuberniis:
765 3067 889 3142 puieillo
906 3070 961 3146 flc-

92 3161 153 3224 bille
166 3163 279 3224 sonus?
298 3163 374 3242 quod
383 3172 442 3222 tom
463 3163 567 3224 triete?
576 3163 962 3243 seninminluetres-non

116 3364 205 3411 Alturio
223 3363 311 3422 Deum]
354 3361 411 3408 Sunt
426 3375 487 3414 urae.
498 3359 619 3418 rutupinus,
639 3371 697 3418 quse
715 3355 739 3400 in
753 3351 870 3420 Priueipiis
885 3347 965 3392 honori

87 3420 219 3485 Aquilamm
238 3429 263 3468 et
273 3421 417 3468 castrensium
429 3420 529 3486 Deorurn
549 3426 624 3462 erant:
642 3417 742 3480 illem'ue
759 3412 895 3474 Principum,
911 3415 978 3476 spro-¹
1011 3429 1014 3436 «

86 3491 133 3531 1Ἢιιι
144 3481 347 3545 effigiesiusiguls.
379 3480 439 3528 Vide
449 3476 562 3526 Militum
572 3480 680 3528 nostram,
691 3471 708 3515 lu
725 3471 764 3514 .⁵.
775 3464 837 3512 unt.
848 3464 871 3504 l.
903 3458 964 3510 lure·

125 3584 197 3624 von.
220 3583 242 3622 r.
567 3559 585 3609 4
