2186 3850
103 223 135 272 s.
152 224 236 274 cre.
331 221 402 272 cra.
432 223 492 278 aa,
530 227 609 304 can
627 204 795 276 36.-38.
913 213 980 280 301

106 379 169 436 bat.
213 379 273 446 Ac,
300 377 331 436 ni
360 379 483 438 caedem
503 379 565 438 eius
587 381 742 440 Narcissus
760 385 986 458 properavisset,

106 483 241 543 uerterat
265 477 410 552 pernicies
434 479 465 538 in
486 485 694 538 accusatorem.
738 483 815 540 Nam
837 483 985 552 claudius,

107 578 231 639 domum
251 595 396 652 regressus
410 589 440 634 et
455 579 638 652 tempestivis
661 580 755 654 epuiis
768 580 916 652 delinitus,
936 583 986 640 ubi

107 675 186 750 pino
215 675 349 744 incutuit,
379 675 419 732 iri
441 677 532 744 iubet,
562 677 741 756 audiamque
767 683 888 738 miserae
915 678 985 758 (troc

104 775 188 832 euim
203 777 293 832 verbo
307 792 388 832 usum
417 777 525 854 ierunt)
539 775 682 834 dicendam
706 775 746 834 ad
757 795 888 838 amaeam
897 785 985 856 poste-

107 889 147 932 ru
167 870 213 930 aie
236 871 352 951 adesset.
394 875 479 946 Quod
510 875 560 932 ubi
587 877 717 934 auditum
744 883 774 934 et
795 880 984 953 languescere

107 972 165 1040 ira,
187 972 282 1040 redire
309 990 400 1040 amor,
439 990 484 1041 ac,
518 975 541 1030 si
575 981 790 1044 cunctarentur,
825 977 985 1052 propinqua

55 1103 61 1136 ·,
108 1089 183 1138 uox,
203 1077 234 1128 et
261 1071 356 1128 uxorii
383 1071 511 1130 cubicuti
538 1073 677 1132 memoria
697 1075 890 1146 timebantur;
922 1093 984 1150 pro·

106 1171 216 1244 rumpit
251 1171 414 1239 Narcissus,
441 1173 652 1246 denuntiatque
686 1173 913 1231 centurionibus
949 1180 981 1232 et

110 1270 256 1338 Tribuaq
270 1269 320 1345 qui
344 1271 476 1340 aderaut,
489 1269 601 1348 exsequi
625 1267 753 1327 caedem:
773 1271 814 1328 ita
834 1271 983 1350 Imperato-

109 1386 170 1426 rem
189 1366 290 1426 iubere.
313 1373 412 1427 custos
432 1375 463 1440 et
484 1377 606 1427 exactor
627 1388 643 1426 e
665 1363 775 1428 tibe‘rtis
797 1371 913 1430 Euodus
933 1373 982 1434 du·

110 1473 165 1526 tus.
207 1469 292 1543 Isque
327 1468 431 1542 raptim
462 1469 493 1526 in
525 1471 622 1526 hortos
653 1488 844 1545 praegressus,
874 1470 982 1546 reperit

109 1567 203 1626 tusam
218 1567 308 1636 humi,
328 1568 481 1626 adsidente
500 1575 592 1626 matre
615 1571 743 1644 Lepida:
765 1591 838 1647 quae
865 1572 981 1630 florenti

109 1666 189 1724 litiae
203 1667 279 1724 haud
300 1684 433 1734 concors,
453 1669 593 1740 supremis
618 1669 679 1728 eius
701 1651 922 1728 necessitatibus
943 1673 980 1728 ad
1028 1718 1031 1731 .

109 1765 326 1824 miserationem
347 1767 447 1824 evicta
469 1773 540 1834 erat,
554 1769 758 1843 suadebatque,
786 1779 845 1826 ‘ae
866 1786 990 1844 percus·-

109 1869 226 1922 ‘sorem
253 1864 442 1938 opperiretur,
470 1865 606 1924 transisse
636 1867 738 1935 vitam,
771 1885 863 1941 aeque
891 1867 980 1934 atiud,

109 1970 215 2038 ‘quarn
242 1964 328 2022 morti
348 1965 446 2030 decus,
466 1963 679 2038 quaerendum?
720 1968 779 2022 Sed
806 1966 905 2021 animo
930 1983 980 2036 per

109 2063 248 2122 libidines
275 2069 420 2136 corrupto,
442 2064 514 2121 nibil
530 2065 683 2122 honestum
705 2063 807 2120 inerat.
829 2061 979 2120 lacrimae·

108 2181 165 2239 que
179 2169 210 2220 et
224 2170 339 2238 questus
355 2163 435 2221 inriti
445 2164 638 2228 ducebantur3
654 2180 720 2220 curu
735 2162 844 2234 impetu
859 2159 979 2218 venien·

109 2262 181 2320 tium
197 2265 295 2334 pulsae
309 2263 392 2330 tores,
411 2261 579 2338 adstititque
595 2262 744 2318 Tribunus
759 2278 809 2332 per
822 2257 979 2330 sitentium,

108 2368 138 2420 at
168 2364 287 2420 tibertus
314 2363 471 2434 increpans
499 2361 597 2420 muttis
619 2377 655 2418 ac
679 2358 833 2416 servilibus
858 2358 977 2432 probris.

110 2461 199 2519 Tuae
215 2461 336 2534 primunr
351 2461 494 2518 fortunam
508 2477 588 2517 suam
609 2458 793 2532 introspexit,
817 2458 977 2532 ferrumque
988 2463 1028 2524 38

108 2560 236 2633 accepit,
250 2561 325 2636 quod
339 2561 441 2618 trustra
461 2559 560 2634 iugulo
581 2577 616 2616 ac
639 2558 759 2632 pectori,
782 2575 833 2631 per
845 2557 977 2629 trepida·

107 2659 231 2727 tionem,
260 2661 430 2726 admovens,
462 2657 522 2716 ictu
548 2658 675 2716 'l'ribnni
702 2657 883 2732 transfigitur,
915 2673 978 2715 cor·

106 2775 159 2834 pus
182 2759 267 2818 matri
288 2775 469 2818 concessum.
511 2757 741 2832 Nuntiatumque
766 2755 890 2816 Claudio
909 2775 976 2830 epu·

106 2860 188 2929 tanti,
199 2857 307 2936 perisse
322 2855 528 2925 Messallinam,
542 2873 600 2914 non
614 2857 764 2924 distincto,
783 2875 835 2914 sua
849 2874 886 2914 aa
907 2858 976 2916 atie·

106 2976 145 3017 ua
165 2976 263 3016 manu.
291 2975 347 3015 nec
373 2957 424 3014 itte
445 2955 608 3031 quaesivit:
630 2955 816 3032 poposcitque
838 2959 976 3030 poculum
1082 2967 1083 2974 ’

105 3064 134 3114 et
155 3058 243 3114 sotitu
262 3056 404 3116 convivio
423 3054 594 3136 celebra-vit.
636 3055 684 3111 Ne
714 3056 822 3112 secutis
858 3037 1001 3129 quidem
1082 3095 1083 3134 7

103 3157 216 3222 diebus,
243 3156 312 3224 odii,
340 3154 447 3230 gaudii,
472 3152 544 3220 irae,
569 3151 716 3220 tristitiae,
741 3154 827 3210 attius
847 3152 974 3225 denique
1030 3203 1057 3224 „
1082 3149 1083 3210 i

103 3255 222 3312 humani
252 3255 381 3313 adtectus
402 3254 486 3328 signa
513 3251 604 3320 dedit,
635 3269 706 3314 uon,
734 3267 801 3308 curu
831 3251 974 3306 taetantes
1013 3249 1029 3306 f*

72 3421 75 3430 ‚
104 3358 290 3413 accusatores
311 3353 484 3424 adspiceret,
507 3367 576 3415 non,
600 3367 667 3408 curu
698 3349 773 3406 titios
803 3352 974 3404 maerentes.

104 3452 243 3528 iuvitque
252 3451 432 3510 oblivionem
446 3451 509 3510 eius
521 3450 657 3514 Senatus,
670 3443 828 3507 censendo,
842 3457 938 3497 nornen
950 3447 977 3497 rt

151 3569 223 3610 voa.
246 3569 266 3608 r.
585 3546 623 3599 20
