2164 3846
93 173 169 246 '28ss
342 254 347 260 ,
419 203 604 255 aarmvar
817 209 848 255 a.
863 207 968 258 uam

94 371 158 413 rum
171 356 268 424 ardua,
296 356 622 417 aimullharoexarcitu
642 373 763 431 campos
782 361 1001 436 persultante
1080 415 1081 436 ,

95 453 163 513 Nec
197 455 275 514 eninr
301 456 434 515 resistere
467 456 610 525 Armenii,
634 455 707 524 iuro,
734 456 785 530 qui
818 457 999 529 proelium.

96 569 181 612 anana
195 561 266 621 erat,
281 555 476 623 Demonacte,
489 555 651 612 Praefecto.
693 554 860 613 Paullulum
880 572 972 614 cunc·

96 652 215 710 tationis
228 653 332 710 adtulit
352 653 419 710 Rex
440 652 561 712 minoris
583 653 754 719 Armeniae,
779 653 884 727 Cotys,
905 671 973 714 ver·
1078 691 1079 696 κ

96 749 137 807 aia
156 749 228 837 iiiuc
254 751 423 826 quibusdam
447 767 615 824 procerum
635 750 705 808 dein
730 750 837 809 litteris
862 752 974 810 caess

96 847 136 908 ris
162 851 315 918 coercitus,
348 855 379 908 et
412 857 520 908 cuncta
552 851 585 908 iu
619 849 814 908 Mithridaten
847 850 1003 924 duxere„

96 949 276 1028 atrociorem,
309 965 394 1034 quant
426 966 506 1009 noro
535 949 639 1024 Regno
671 951 858 1008 conduceret.
920 952 970 1010 At

96 1045 199 1106 Parthi
226 1049 427 1122 Imperatores,
450 1063 518 1106 oum
541 1063 668 1122 pugnam
694 1049 971 1122 pontentiacum
995 1111 1000 1118 ,

96 1149 219 1218 repente
245 1146 348 1214 ieiuni,
378 1146 507 1221 rogaitia
533 1138 716 1220 popolonium
743 1146 868 1215 insidiis
894 1166 972 1222 quaa

96 1243 238 1303 Gotarzes
252 1245 331 1303 tratri
344 1244 531 1319 patefecerat,
544 1245 749 1320 congressique
761 1245 854 1318 primo
876 1264 971 1308 cunc·

66 1325 70 1334 ⁸
96 1347 201 1426 tantur,
215 1343 481 1418 deiudecompleai
494 1345 623 1412 dextrae,
647 1345 724 1417 apud
737 1345 841 1402 altaria
865 1345 969 1405 Deum

95 1441 240 1516 pepigere,
261 1440 398 1520 srmrdem
424 1439 602 1499 iainaiooramr
620 1439 729 1510 alcisci,
747 1448 829 1518 alque
847 1441 906 1519 t'por'
922 1441 969 1502 iaa-
1080 1453 1081 1466 ¹

93 1545 178 1596 turae
207 1537 359 1597 cmcedm.
384 1541 539 1617 Potiorque
562 1541 712 1598 Bardaucs
727 1540 814 1610 nviana
837 1542 969 1602 retinen·
1080 1533 1081 1546 ¹

93 1637 132 1695 do
161 1653 269 1713 regno:
300 1642 331 1696 at
351 1639 502 1707 (iotamas,
530 1657 569 1698 ae
592 1639 660 1715 quid
684 1641 888 1698 aemulationis
912 1661 968 1700 ex·
1080 1645 1081 1674 ⁴

93 1736 217 1804 sisteret,
243 1721 359 1810 penitus
389 1739 421 1796 ia
451 1738 632 1814 Hyrcaniam
659 1738 740 1796 abiit.
775 1757 967 1817 regressoque
1080 1723 1081 1778 i

92 1835 221 1894 Bardani
234 1837 350 1895 deditur
374 1837 520 1905 Seleucia,
539 1837 665 1912 septimo
687 1839 964 1910 postdeiectionem

93 1949 171 2022 anno
185 1917 198 2006 ’ς
229 1953 288 1994 nou
319 1937 384 1994 aine
417 1937 561 1996 dedecore
597 1937 779 2004 Parthorum,
804 1955 877 2012 quoa
903 1955 966 1996 uua
1080 1947 1081 1960 ¹

44 2032 200 2095 idcivitaa
227 2034 336 2094 tamdiu
363 2037 498 2093 eluserat.
552 2035 633 2094 Exin
655 2035 853 2094 validissimas
874 2036 964 2096 Prae·

91 2135 216 2192 secturae
242 2134 359 2192 invasit.
393 2138 424 2192 ct
449 2135 611 2208 reciperare
641 2134 811 2193 Armeniam
838 2137 963 2206 avehat,

90 2232 123 2292 ni
137 2251 155 2291 a
168 2234 260 2292 Vibio
274 2233 381 2304 Marso,
395 2233 500 2308 Syriae
510 2235 636 2308 Legato,
658 2235 767 2290 bellurn
789 2233 961 2304 minitante
1080 2307 1081 2318 ἵ

90 2332 235 2390 cohibitus
258 2333 340 2390 toret.
383 2333 481 2406 Atque
501 2331 618 2389 iuterim
633 2330 783 2398 Gotarzes,
806 2334 963 2405 poeniteo·

89 2429 132 2488 tia
164 2411 298 2489 concessi
328 2429 435 2506 Regni,
462 2435 502 2497 et,
528 2434 687 2488 revocante
718 2429 883 2498 nobilitate,
910 2431 962 2492 eni

89 2528 121 2586 in
152 2545 226 2602 pace
249 2513 355 2588 ‘durius
388 2527 541 2586 servitium
576 2533 630 2594 est,
664 2527 811 2586 contrahit
844 2528 960 2602 copias.

88 2631 118 2683 et
142 2627 210 2684 huic
234 2633 335 2686 contra
358 2627 430 2684 itum
454 2627 492 2684 ad
513 2643 630 2684 amnem
649 2625 799 2684 Erinden:
818 2626 854 2683 in
873 2628 959 2684 ouius

88 2707 265 2798 transgressu
279 2729 400 2784 multum
412 2729 532 2792 certato,
554 2724 679 2798 pervicit
702 2723 865 2793 Bardauaa,
880 2743 958 2798 prus·
1053 2741 1060 2746 ·

87 2823 220 2897 pariaque
234 2824 350 2896 proeliis
365 2821 474 2881 medias
489 2823 621 2881 nationes
645 2821 758 2896 subegit
782 2823 820 2879 ad
845 2823 957 2885 flumen
1080 2851 1081 2858 ¹

89 2919 211 2986 Sinden,
243 2922 319 2994 quod
351 2921 452 2978 Dahas
487 2921 629 2996 Ariosque
657 2919 851 2978 disterminat.
909 2923 957 2980 lhi
1080 2909 1081 2930 ¹

87 3019 188 3077 roudus
211 3018 296 3076 rahua
321 3019 457 3078 secundia
481 3019 599 3093 positus.
629 3035 697 3076 narn
722 3019 833 3086 Parthi,
856 3038 955 3096 quam·

86 3133 171 3190 qnam
200 3115 334 3179 victores,
348 3116 547 3189 'longinquam
574 3117 710 3174 militiam
736 3117 954 3188 adspernahan·

84 3215 136 3268 tur.
178 3210 270 3284 Igitur
288 3211 443 3284 exstructis
467 3214 662 3281 monimentis,
683 3213 785 3287 quibua
798 3229 872 3286 opes
887 3233 953 3273 suaa

84 3309 249 3369 testabatur,
272 3323 329 3363 nec
354 3305 488 3378 cuiquam
514 3314 584 3365 ante
611 3311 821 3367 Arsacidarum
844 3313 952 3373 tributa

77 3398 140 3458 illis
166 3405 203 3460 de
226 3403 360 3478 gentihus
386 3408 476 3475 parta,
499 3407 680 3480 regreditur
706 3407 817 3484 iugens
846 3411 953 3487 gloria,
