2164 3846
113 234 142 282 t.
158 233 189 281 c.
206 235 249 280 nn
352 231 423 279 err.
443 231 489 279 tv.
540 230 618 280 cur.
637 209 806 280 tt.-te.
919 204 995 276 209

111 385 228 445 liedern
249 385 438 453 Consulibus,
471 385 584 444 tucinue
612 390 698 444 etrox
719 386 751 444 in
770 384 905 444 citeriore
927 382 1044 442 Hie-dd

108 488 201 560 pente
237 479 408 542 admieaum'
428 503 446 542 e
465 487 591 560 quodam
621 485 729 559 agresti
759 483 890 542 nationis
919 483 994 542 'Pers

107 585 268 643 arentinae.
277 586 303 642 ir
318 585 487 644 Praetorem
499 584 679 658 provinciae,
697 585 733 642 L.
756 583 905 650 Pisonem,
920 599 994 656 pune

111 685 308 752 incuriosum,
337 701 377 740 ex
407 684 568 758 improvise
595 685 627 742 in
649 685 756 742 itinere
778 685 904 750 adortus,
937 699 995 740 uno

109 787 239 841 vntnere
259 781 292 840 in
313 788 435 842 mertem
448 783 579 843 adiecit:
598 800 635 842 ac
658 783 832 858 pernicitate
846 783 913 858 equi
932 795 996 856 prc-
1017 822 1022 836 .

109 883 208 957 segur,
230 887 381 956 pcrtqucnr
415 885 557 941 rattucrca
579 886 658 942 tecue
694 883 849 957 adtigerut,
874 881 995 940 dimicat)

110 999 199 1057 equo,
219 999 273 1056 per
292 983 416 1055 derupta
436 987 468 1040 et
487 983 556 1041 avia
589 983 739 1058 requentir
772 983 922 1043 trtratrctuc
941 986 996 1050 ert,

113 1099 213 1157 neque
244 1081 295 1139 diu
327 1081 441 1140 teiettit.
476 1101 555 1151 nam,
586 1083 732 1158 prebeneo
765 1083 916 1156 ductoque
944 1095 998 1155 per

114 1181 268 1255 preximue
289 1197 377 1255 puger
398 1199 481 1257 equq
499 1181 583 1240 cuiue
601 1183 679 1240 teret
702 1181 876 1253 cognitum:
897 1186 929 1238 et
955 1199 997 1238 re·

116 1287 227 1354 pertua,
248 1299 316 1340 cum
343 1282 495 1340 tormentis
529 1283 616 1338 edere
645 1282 782 1338 ccnecioe
816 1281 989 1356 adigeretur,

115 1397 193 1438 voce
212 1397 329 1455 magne,
348 1397 483 1439 sermone
496 1380 599 1454 patrio,
620 1381 738 1440 ‘trustra
758 1399 791 1440 re
809 1379 990 1457 interrogeri’

115 1481 301 1538 clamitavit:
324 1481 514 1538 ‘adsisterent
532 1479 607 1538 accii
626 1497 663 1540 ac
682 1487 857 1556 spectarent.
878 1484 988 1540 nuttam

117 1580 203 1639 ‘vitn
238 1585 351 1640 tantam
372 1579 479 1639 deteris
507 1581 577 1648 ture,
610 1585 643 1638 ut
664 1582 822 1640 veritatem
856 1581 999 1641 eliceret?

117 1679 257 1755 idemque
282 1697 348 1740 enm
367 1687 484 1755 pceterc
503 1681 540 1739 ad
562 1679 779 1756 quaeriticnenr
800 1683 997 1741 retraberetur

116 1797 153 1836 en
166 1780 234 1838 nisu
249 1779 391 1854 proripuit
402 1798 434 1837 ee
449 1781 627 1846 custoditur,
639 1799 770 1856 sexuque
783 1789 872 1856 caput
891 1783 994 1841 addix-

116 1879 149 1946 ir,
170 1884 204 1937 ut
235 1879 335 1938 atatim
357 1877 582 1939 exanimaretur.
624 1881 685 1938 Sed
705 1881 777 1940 Pico
792 1882 994 1940 Termestino-

116 1995 180 2036 rum
199 1979 384 2036 detonuerue
414 1981 554 2038 habeturt
585 1981 634 2054 qui
655 1981 843 2053 pecuniane
874 1981 992 2055 publico
1068 2055 1071 2064 ἲ

116 2078 306 2153 interceptae,
327 2079 432 2148 acrius,
451 2095 537 2155 quum
570 2084 602 2136 ut
622 2082 780 2139 tolerarent
799 2081 924 2163 barbari,
943 2097 991 2137 cc·
1043 2107 1057 2121 ··

115 2182 213 2254 gcbnt.
266 2179 395 2237 Leututc
425 2177 593 2246 Gaetulico,
614 2179 649 2238 C.
686 2178 822 2237 Oatvtaic
842 2195 922 2235 coes.
942 2179 1043 2247 deqss

116 2284 198 2336 creta
219 2277 359 2350 triumphi
379 2277 506 2353 insignia
537 2278 677 2352 Poppaeo
706 2276 827 2344 Sabino,
860 2275 991 2334 contusis

117 2377 272 2435 Thracum
291 2369 436 2452 gentibue,
468 2377 518 2453 qui
540 2378 682 2438 muntium
707 2376 794 2434 editie
813 2374 927 2442 inculti,
947 2381 989 2434 at·

114 2491 229 2550 queen
258 2475 381 2534 ferocius
413 2477 574 2552 agitabant.
630 2477 742 2536 canna
767 2480 872 2544 mutue,
903 2493 989 2548 super
1042 2545 1045 2550 ⁸

114 2576 267 2632 bominum
280 2575 439 2650 ingenium,
459 2577 534 2652 quud
555 2577 616 2651 peti
635 2577 774 2646 detectus,
793 2581 824 2633 et
844 2576 987 2634 validissi-

114 2691 194 2732 mum
213 2691 357 2749 quemque
382 2675 506 2732 mitittae
527 2681 645 2734 ncetrne
670 2677 743 2732 dure
771 2677 985 2750 adspernabnn·

115 2779 177 2844 tnr3
207 2793 245 2831 ne
266 2774 395 2848 Regibus
414 2775 532 2850 quidem
563 2793 673 2850 perere,
694 2775 751 2834 nini
784 2795 821 2834 ex
854 2779 983 2847 libidine,

114 2873 202 2942 uetiti,
222 2879 282 2940 aut,
299 2873 327 2930 ci
348 2873 497 2932 mitterent
518 2875 639 2944 auxilia,
660 2893 727 2933 nune
748 2878 881 2936 ductores
903 2898 983 2952 pune·

112 2972 210 3040 ficere,
230 2989 286 3030 nec
307 2971 364 3031 niei
379 2975 518 3032 ‹tucrennr
559 2977 676 3032 accolae
696 2976 875 3050 belligerare.
919 2983 981 3044 ,Ac

110 3075 171 3130 nn
186 3089 283 3130 rumor
298 3073 468 3139 incenserat,
488 3072 548 3130 iore
581 3079 613 3132 ut
641 3073 767 3142 disiecti,
787 3078 911 3152 aliisque
934 3097 981 3136 nu-

113 3170 241 3230 tinnibne
260 3173 409 3244 permixti,
440 3173 572 3230 diversae
599 3173 630 3231 ia
664 3180 754 3232 tenus
789 3178 979 3234 traherentur.

113 3269 184 3336 Sed,
219 3280 374 3345 antequam
405 3289 485 3328 erma
517 3273 692 3346 inciperent,
722 3274 826 3336 minere
861 3277 980 3346 tegetes,
1070 3325 1071 3330 ,

110 3373 119 3400 ⁴
134 3368 307 3436 amicitiem,
318 3369 551 3444 obsequiumque’
560 3376 795 3438 memoratur0s;‘
809 3375 838 3423 et
849 3385 980 3422 marrsurn
1070 3375 1071 3440 t

112 3467 221 3533 ‘baem
236 3469 260 3524 si
274 3471 354 3527 uultu
373 3487 453 3528 novo
472 3486 560 3527 onere
582 3471 781 3524 tentarentur:
803 3461 856 3525 ein,
871 3465 901 3514 nt
922 3459 982 3511 vie·
1070 3511 1071 3544 ,

152 3583 224 3624 von.
247 3583 267 3623 r.
550 3559 616 3616 18⁹⁴
