2166 3834
106 205 131 254 ι.
146 203 174 252 c.
190 207 231 256 ιι.
341 205 413 253 nra.
438 205 489 254 ιιι.
541 205 619 254 cre.
645 183 815 252 rso-75.
918 183 995 254 173

107 358 242 418 hostibus
268 365 385 418 cuncte
408 360 538 444 terserat:¹
566 360 644 434 quia,
669 376 782 434 quoquo
803 357 989 428 inclinarent,

107 474 172 532 pars
186 460 293 534 aliqua
309 459 413 518 militis
429 459 553 516 Romani
574 459 604 516 in
618 476 679 522 ore,
699 458 729 516 in
745 461 845 524 latore,
858 462 889 514 et
902 473 990 530 saepe

107 561 224 632 atergo
246 565 336 616 erat:
358 559 497 632 multique
519 575 556 616 eo
580 559 666 615 modo
686 557 778 620 caesi,
800 561 849 614 out
871 556 994 614 circnm-

110 655 203 714 venli.
251 657 347 714 Tunc
362 657 535 730 tripartitum
554 657 717 718 exercitum
737 659 831 730 plnres
845 655 876 714 in
891 671 992 712 manus

110 755 266 830 dispergit,
297 757 507 830 praeponitque
534 756 729 814 Centuriones
755 754 871 812 virtutis
891 770 993 826 exper-

112 856 179 912 tae:
206 861 328 924 neo,.ut
342 872 403 912 moe
417 855 521 922 tuerat,
540 860 607 914 octa
618 861 732 914 ,aestate
747 854 867 912 retrahit
881 852 991 927 copiae,

114 959 163 1010 aut
177 952 210 1012 in
224 953 429 1012 hibernaculis
445 953 553 1010 veleris
567 953 736 1026 provinciae
751 952 918 1027 componit:
941 952 993 1008 eorl

114 1056 145 1110 nt
161 1051 193 1110 in
209 1053 320 1110 limine
338 1051 419 1119 belli,
439 1052 591 1126 dispositis
613 1053 754 1115 castellis,
776 1069 828 1126 per
840 1051 993 1124 expeditos

115 1153 145 1208 et
159 1151 356 1210 solitudinum
375 1168 488 1225 gnaros,
506 1155 668 1210 mutantem
683 1150 809 1223 mapalia
824 1149 994 1208 Tacfarina-

117 1251 177 1307 tem
201 1251 372 1326 proturbat:
399 1251 506 1318 donec,
530 1249 617 1306 lratre
643 1249 705 1308 eius
729 1253 824 1322 capto,
849 1263 994 1322 regressus

116 1353 170 1419 est,
190 1349 395 1424 properantius
410 1354 516 1419 tamen,
538 1365 624 1423 quam
638 1367 678 1408 ex
692 1349 819 1408 utilitate
832 1348 993 1418 sociorum:

118 1447 242 1518 relictis,
265 1466 317 1522 per
338 1465 408 1523 qnos
430 1455 591 1522 resurgeret
615 1448 732 1506 bellurn.
775 1448 833 1508 Sed
857 1447 995 1506 Tiberius

119 1562 172 1618 pro
185 1547 325 1626 contecto
344 1545 559 1621 interpretatus,
579 1546 611 1604 id
631 1565 744 1623 qnoque
764 1547 872 1606 Blaeso
885 1547 995 1616 tribuit,

120 1649 153 1702 ut
175 1645 336 1722 Imperator
356 1663 374 1703 a
398 1645 563 1722 legionibus
586 1647 775 1718 salutaretur:
806 1647 902 1722 prisco
926 1663 996 1722 erga

119 1742 222 1803 Duces
236 1745 359 1824 bonore,
373 1744 423 1820 qui
444 1745 519 1802 bene
533 1751 616 1820 gesta
630 1745 703 1820 liep.
718 1745 825 1820 gaudio
838 1752 868 1804 et
881 1745 995 1818 impetu

121 1842 245 1900 victoris
267 1839 415 1900 eisercitus
438 1845 712 1902 conclamabantur:
736 1850 875 1921 erantque
897 1848 994 1919 plures

121 1940 205 2000 simul
218 1942 424 2015 Imperatores,
436 1958 492 2000 neo
506 1959 592 2014 snper
605 1949 767 2006 ceterorum
778 1944 993 2022 aequalitatem.

123 2039 465 2114 concessitquibnsdarn
483 2045 514 2096 et
528 2041 676 2116 Augustus
697 2043 728 2099 id
743 2043 936 2112 vocabulum:
958 2059 994 2100 ac

123 2141 193 2196 tunc
214 2137 357 2196 Tiberius
377 2138 486 2195 Blaeso
506 2145 690 2219 postremum.
728 2121 840 2198 ¹Obiere
860 2159 897 2197 eo
916 2149 1051 2211 annolfi.

124 2237 181 2295 viri
214 2237 367 2301 inlustres,
393 2237 516 2296 Asinius
545 2239 712 2306 Saloninus,
741 2238 783 2295 M.
808 2237 939 2314 Agrippa
965 2245 996 2298 et

124 2335 261 2395 Pollione
277 2335 384 2394 Asinio
397 2335 473 2403 avis,
490 2337 576 2394 lratre
593 2338 703 2408 Druso,
717 2337 850 2412 insignis,
865 2337 996 2396 (laeseri-

125 2454 178 2512 qne
194 2453 338 2510 progener
356 2434 526 2494 destinatus.
571 2437 608 2494 Et
630 2436 737 2510 Capito
753 2419 870 2500 Ateius,
889 2437 996 2513 dequo

124 2533 296 2602 memoravi,
311 2534 479 2608 Principem
498 2535 530 2592 in
551 2534 675 2594 civitate
695 2539 794 2593 locum
806 2537 909 2594 studiis
922 2538 996 2596 civi·

122 2633 391 2704 acoenonoetus:
413 2635 466 2691 sed
486 2651 545 2692 nvo
565 2635 737 2693 centurione
761 2639 898 2702 Sullano,
914 2646 1002 2712 patre·

123 2731 283 2791 Praetorio.
325 2733 517 2790 Consulatum
537 2733 566 2790 ei
590 2735 814 2794 adceleraverat
836 2739 1001 2813 Augustus„

123 2837 155 2889 ut
175 2832 355 2889 Labeonemx
369 2832 541 2898 Antistium,
565 2832 671 2891 iisdem
689 2835 803 2892 artibus
818 2841 994 2908 praecellen-

127 2933 195 2996 tem,
210 2929 382 3014 dignatione
396 2930 459 2988 eius
481 2932 666 3004 magistratus
685 2934 819 2992 anteiret.
860 2936 889 2992 N
892 2955 1003 3012 amque·

83 3091 87 3095 ,
125 3025 174 3086 illa
196 3019 285 3085 aetas*
299 3029 357 3085 duo
380 3028 461 3102 pacis
484 3031 591 3088 decora
614 3031 698 3088 simul
722 3033 795 3090 tulit.
822 3035 872 3091 sed
894 3037 1005 3094 Labeo«

126 3124 292 3200 incorrupta
311 3127 463 3191 libertate
472 3133 502 3184 et
521 3131 559 3186 ob
579 3129 608 3186 id
629 3129 721 3194 uma,
730 3133 902 3190 celebratior
910 3136 999 3202 :sca
1059 3113 1060 3120 ἵ

154 3279 405 3340 muselenensium]
437 3279 576 3338 iNJeoastra,
587 3295 644 3344 qnae
721 3283 995 3342 liaproterrtoriislrabe·

125 3336 185 3384 bant.
221 3340 281 3385 add.
299 3343 321 3392 «l,
338 3343 374 3385 25.
390 3315 608 3408 perisdemupclr'bue
618 3299 741 3395 consociae,
762 3348 804 3385 ect
837 3339 877 3382 M
865 3341 937 3392 pul
955 3341 1005 3382 illa.

140 3395 302 3452 nalial'ueriut,
312 3372 383 3442 diesne
393 3396 529 3453 sbivMoeo
539 3401 560 3444 3.
572 3411 609 3456 qur
619 3399 724 3444 etramc
741 3401 763 3445 5.
781 3407 869 3439 mrosv
855 3397 928 3436 moes:
938 3393 1007 3437 adde>

126 3411 190 3502 ἓοιι.
202 3455 299 3501 ansati.
313 3455 390 3514 luge
403 3456 438 3501 li.
469 3455 530 3502 Ero.

163 3553 236 3595 von.
256 3553 287 3594 ι..
560 3535 599 3586 15,
615 3529 633 3563 *
