2172 3842
444 243 667 300 naumann.
816 203 821 212 ’
936 263 991 304 m

115 402 177 479 nio,
192 410 226 468 et
241 401 454 467 offensionum
471 403 568 481 avidi,
584 401 730 468 historias
746 402 875 487 argutiis
889 403 993 468 acule-

116 517 352 586 clamomores
387 510 588 589 malignitate,
623 511 865 574 divinationibus
899 512 993 576 salsas

117 617 290 702 scripsere,
307 637 409 700 saque
433 615 542 680 Taciti
566 618 738 681 imitatores
755 618 906 682 audacter
921 626 994 684 sunt

115 723 264 808 professi.
313 721 434 786 Eorum
467 724 629 788 audaciam
660 725 902 810 imperitiamve,
932 747 993 790 non

116 849 192 891 vero
210 828 377 904 Tacitum,
402 849 509 911 argue.
557 830 699 912 Vulgare
725 841 774 894 est
798 852 855 896 sua
877 832 995 914 flagitia

117 933 183 997 aliis
198 935 378 1019 objectare,
402 937 585 1021 magnisque
606 939 782 1002 nominibus
798 959 870 1002 sese
888 939 992 1002 tutari.

118 1041 254 1127 Insuper
267 1061 310 1104 ex
322 1043 450 1127 optimis
462 1045 636 1108 artificibus
652 1047 763 1128 quavis
775 1055 878 1110 aetate
890 1046 993 1112 exorti

120 1146 294 1212 imitatores
312 1150 454 1234 pessimi.

161 1254 292 1318 Crirnen
310 1255 442 1318 alterum
456 1279 463 1318 :
488 1258 586 1320 malae
600 1259 761 1322 latinitatis
776 1267 826 1322 est
844 1258 992 1323 Tacitus.

118 1359 269 1424 Breviter
292 1361 426 1438 dictum,
450 1385 487 1426 an
515 1366 615 1428 vere?
650 1365 801 1431 Taciturn
825 1367 993 1450 aliquando
1047 1395 1051 1414 ι

117 1465 206 1530 nimis
218 1474 360 1542 acutum,
372 1468 462 1532 nirnis
475 1471 651 1548 concisum,
665 1473 779 1555 ingenii
796 1482 827 1536 et
844 1493 993 1537 sensuum

115 1575 332 1661 profunditate
355 1577 587 1644 sobobscurum
611 1592 788 1662 arguerent,
814 1603 874 1646 non
899 1581 992 1644 valde

115 1701 337 1766 repugnarem,
360 1704 420 1746 nec
443 1685 555 1750 eadem
580 1707 653 1752 esse
676 1687 883 1772 Thucydidis
906 1687 992 1763 vitia,

117 1797 169 1852 aut
181 1799 213 1851 ut
228 1790 401 1873 loquuntur
414 1788 542 1870 Graeci,
560 1795 706 1870 virtutes,
721 1817 877 1876 urgerem.
925 1792 993 1858 Sed

116 1893 296 1966 Ferretum,
328 1896 469 1975 aliosque
499 1900 531 1956 id
566 1917 665 1978 genus
697 1902 852 1974 homines,
884 1899 993 1962 Taciti

113 1997 300 2064 latiaritatem
321 1999 451 2083 culpare
471 2001 542 2084 quis
565 2003 671 2066 ferat?
702 2003 769 2068 Eos
790 2015 892 2068 tamen
911 2007 993 2070 refu-

115 2113 180 2170 tare
197 2106 312 2191 pudet.
359 2105 462 2190 ldque
487 2128 618 2193 prorsus
643 2109 763 2187 inutile,
788 2131 860 2174 cum
885 2113 993 2178 Mure·

117 2220 188 2289 tus,¹
205 2213 369 2278 latinitatis
384 2221 417 2277 et
439 2215 603 2280 latinarum
623 2217 847 2300 elegantiarum
869 2218 993 2303 peritis·

116 2320 215 2383 simus
235 2319 350 2404 judex,
367 2328 474 2406 partes
490 2322 557 2384 illas
579 2343 777 2404 magnacum
794 2324 887 2387 laude
902 2343 992 2410 prae·

116 2427 339 2512 occupaverit.
365 2427 439 2490 Hoc
453 2449 547 2491 unum
561 2429 726 2507 addidero,
740 2431 821 2494 inter
831 2431 991 2496 Romanos

121 2535 299 2617 scriptores
319 2533 434 2598 nullum
450 2555 522 2598 esse
546 2537 716 2602 verborum
732 2537 943 2604 concinnitate
959 2545 993 2602 et·

118 2641 290 2728 splendore
307 2639 427 2704 Tacito
441 2643 700 2728 comparandum.

160 2745 318 2810 Graviora
338 2756 409 2812 sunt
431 2748 586 2812 mendacii
608 2749 759 2822 crimina:
784 2771 887 2835 oeque
904 2751 991 2816 dixe·

117 2853 174 2918 rim
202 2852 355 2918 Tacitum
381 2854 457 2918 nihil
488 2875 561 2918 esse
592 2858 768 2920 mentitum.
816 2857 991 2922 Commune

116 2959 194 3024 illud
211 2967 260 3022 eat
276 2961 473 3024 mortalitatis
490 2962 610 3038 vitium,
623 2963 709 3046 quod
726 2964 875 3029 historiae
892 2966 992 3052 scrip·

118 3071 206 3130 tores
238 3066 269 3130 in
300 3073 385 3130 tanta
414 3089 519 3132 rerum
554 3069 766 3148 multitudine,
801 3071 992 3155 humanique

119 3172 236 3256 ingenii
256 3172 444 3250 infirmitate,
465 3183 496 3237 et
519 3175 560 3238 ob
583 3177 748 3260 caliginem
769 3179 894 3241 veritati
915 3177 992 3241 offu-

119 3299 196 3357 sam,
214 3281 269 3342 vix
285 3281 445 3362 effugiant.
492 3282 667 3346 Proclivior
689 3284 794 3346 adhuc
817 3305 915 3359 error,
938 3283 993 3345 ubi

22 3411 27 3426 ⁵
117 3385 291 3452 intercedit
316 3386 499 3468 religionum
526 3389 706 3452 diversitas.
753 3389 833 3450 lade
856 3386 994 3449 Tacitus

148 3555 221 3603 ¹llac
230 3555 260 3600 de
270 3569 295 3601 re
309 3561 333 3602 et
347 3555 424 3604 Taciti
442 3555 546 3602 laudibus
560 3554 686 3600 orationem
701 3551 783 3598 habuit
799 3551 913 3600 Muretus,
928 3558 941 3582 r

118 3613 171 3664 vide
180 3613 241 3662 inter
250 3612 420 3672 cimoratiooot
429 3614 505 3666 editas
519 3612 612 3675 lapsine
626 3624 686 3658 anno
696 3611 760 3658 leae.
791 3606 859 3654 Toto·
870 3603 925 3661 lle
