2134 3826
630 131 652 168 N

87 277 162 325 rac.
183 279 219 325 re.
324 277 397 325 urs.
425 269 472 324 1.'
502 273 580 324 car.
606 253 776 326 uu-ott,
918 255 965 324 57

123 431 215 488 'Haud
231 429 331 489 miuus
344 431 461 506 inquies
476 429 638 490 Germanus
650 431 868 506 spe,oupidlne,
881 437 913 492 et
924 431 966 490 di-
976 425 1017 486 68

87 531 181 588 versis
194 532 307 589 dueum
332 530 490 588 sententiis
515 533 638 606 agebat:
662 532 807 599 Arminio,
820 531 968 590 ‘sinerent

86 631 218 704 ‘egredi
233 647 426 705 egressosque
446 647 556 688 rursum
572 649 621 704 per
643 633 761 690 humida
775 637 805 688 et
826 631 968 704 impedita

84 728 379 798 ‘circumvenirent’
393 731 551 788 madente:
572 731 716 788 atrociora
730 730 925 806 Inguiomero,
936 736 968 790 et

87 830 164 886 laeta
180 829 324 894 barbaris,
337 835 385 886 ‘ut
400 832 510 886 vallum
524 829 611 888 armis
625 829 783 890 ambirent:
806 834 967 903 promptam

87 929 371 1001 ‘expugnationem
394 929 496 1000 piures*
510 929 655 1002 captivos,
676 929 872 1002 inoorruptam
887 945 966 1002 prae·

88 1027 176 1084 ‘dum
187 1023 273 1084 lore?
314 1026 407 1100 igitur
425 1033 488 1084 orta
502 1027 550 1084 die
565 1033 701 1101 proruunt
715 1029 815 1094 iussas,
828 1029 967 1088 iniloiuul

88 1131 194 1194 orales,
220 1143 336 1183 summa
361 1127 434 1183 vaiii
458 1133 604 1199 prensant,
627 1145 691 1184 raro
713 1127 916 1200 supermiilte,
935 1131 967 1185 et

89 1225 172 1298 quasi
200 1227 240 1280 oh
270 1231 379 1282 metum
406 1227 514 1283 defixo.
542 1232 692 1300 postquam
726 1227 846 1283 haesere
873 1225 966 1284 muni·

89 1323 206 1387 mentis,
222 1323 309 1380 delur
332 1325 499 1381 cohortibus
513 1325 637 1400 siguum,
650 1341 815 1400 cornuaque
828 1341 864 1382 ae
877 1327 965 1383 tubae

87 1423 280 1479 eorroinuere.
296 1422 368 1480 erin
382 1425 509 1480 elamore
522 1429 553 1481 et
567 1425 677 1497 inpetu
691 1423 780 1499 tergis
805 1425 965 1484 Germano·

87 1539 150 1578 rum
165 1521 448 1590 circumfunduntur,
462 1525 680 1596 exprobrantes,
693 1541 750 1581 non
759 1521 969 1592 Moailuaamro

82 1617 214 1696 paludes,
240 1617 293 1677 aed
311 1618 408 1696 aequis
430 1619 500 1678 lucia
519 1639 622 1698 uspiam
642 1619 714 1680 deos.
757 1623 853 1690 Hosti,
876 1623 963 1681 i'aeile

87 1720 243 1777 exoidium
271 1725 303 1775 et
326 1737 434 1792 pauens
458 1737 493 1777 ae
521 1737 678 1778 semermos
704 1721 855 1796 rogitanti,
875 1737 965 1780 sonus

86 1821 233 1884 tubarum,
246 1817 343 1891 fulgor
356 1835 506 1886 armorum,
520 1826 629 1894 quanto
642 1819 771 1893 inopina,
782 1825 864 1878 tanto
875 1819 966 1878 maio·

86 1933 118 1976 ra
130 1918 342 1995 offunduntur:
363 1919 573 1992 cadebantque,
587 1925 617 1977 ut
632 1919 860 1976 reboaseennsiis
872 1917 963 1988 avidi,

86 2016 128 2072 ita
145 2015 282 2073 adversis
296 2015 416 2072 incauti.
460 2017 610 2074 Arminius
627 2018 750 2091 integer,
762 2017 963 2093 Inguiomerus

86 2121 153 2188 post
167 2129 264 2188 grave
287 2117 403 2182 vuinus,
427 2133 554 2190 pugnarn
566 2117 737 2174 deseruere:
759 2111 863 2191 vulgus
878 2116 963 2174 inroi-

84 2215 188 2270 tlatum
216 2217 272 2278 est,
301 2213 397 2270 donee
422 2214 464 2270 ira
487 2221 518 2272 et
549 2215 612 2272 dies
645 2214 813 2288 permansit.
864 2215 965 2271 Nouio

86 2313 207 2369 tiemum
232 2329 368 2367 reversae
392 2312 532 2386 legiones,
553 2313 686 2388 quamvis
713 2315 778 2386 plus
801 2313 963 2380 vulnerum,

86 2413 195 2468 eadem
222 2410 353 2468 ciborum
380 2415 497 2482 egestas
529 2411 674 2486 inligaret,
698 2411 771 2477 vim,
798 2409 963 2478 sanitatem,

86 2510 201 2584 copias,
215 2515 323 2566 cunata
337 2509 368 2565 in
386 2509 510 2567 victoria
525 2513 659 2571 habuere.
702 2511 875 2568 Pervaserat
890 2509 962 2568 inte·
973 2515 1016 2574 69

87 2609 143 2666 rim
169 2605 349 2665 etrnsmueuti
376 2607 510 2666 exercilus
536 2609 622 2676 ieme,
649 2615 679 2666 et
703 2607 964 2687 usurpatorum·

85 2723 157 2764 rum
171 2704 285 2781 agenine
295 2703 408 2764 Gallina
417 2707 492 2784 peti:
513 2727 559 2774 ao,
573 2709 604 2766 ni
625 2709 779 2783 tigrippinu
794 2709 962 2783 impositum

87 2805 196 2864 Rheno
210 2811 329 2878 pontem
343 2807 418 2863 solvi
435 2807 637 2880 prohibuisset,
651 2814 733 2865 erant
748 2808 837 2883 quiid
857 2809 961 2883 tingiti-

86 2921 135 2962 nm
164 2903 319 2960 tormidine
347 2905 494 2963 auderent.
523 2909 573 2962 seri
603 2906 708 2964 lemine
738 2908 841 2982 ingens
869 2907 960 2964 animi

85 3001 188 3062 munia
202 3003 286 3060 ducis
302 3021 415 3075 pereas
429 3004 492 3062 dies
506 3003 609 3072 induit,
624 3007 832 3081 militibusque,
847 3013 877 3064 ut
895 3006 960 3082 quis

114 3175 319 3238 Iniiriurrtmutes]
352 3177 440 3239 Duplex
458 3178 569 3225 hieratio
585 3179 713 3226 transeundi
729 3181 805 3234 iussas,
817 3185 890 3228 utaut
908 3195 960 3242 pro·

85 3243 138 3284 ruta
159 3251 173 3280 a
189 3237 257 3282 lubria
273 3245 334 3282 terra
355 3239 509 3297 complerent;
526 3245 565 3284 aut
580 3239 678 3284 cratibus
697 3239 790 3293 iniectis,
807 3240 869 3285 velut
889 3245 960 3300 ponte

84 3294 214 3341 haurirent.
248 3295 328 3342 Vtram
344 3311 372 3342 ue
381 3297 460 3352 tangit.
478 3299 617 3358 nequeenim
628 3297 735 3344 Turnebo
749 3299 857 3345 assentiar
867 3299 958 3352 legenti,

82 3359 132 3400 orta
143 3353 180 3399 dis
189 3360 308 3411 prnrrsunl,
321 3313 391 3410 Juniis
401 3355 511 3402 iraiirlunt
528 3361 597 3402 erutas
640 3357 673 3399 ite
689 3356 788 3399 cratibus
810 3359 878 3422 etiem
894 3355 957 3420 (initi

82 3413 145 3474 apud
168 3413 288 3460 Caesarem
302 3420 415 3475 murpant.
436 3421 457 3469 7,
473 3419 508 3462 79.
541 3413 673 3459 Prasiorum
683 3414 768 3468 sorsum
788 3412 886 3454 crotalus
903 3414 961 3452 mte-

83 3475 145 3530 gant
154 3475 218 3530 atpte
226 3487 306 3531 aggere
325 3475 420 3530 erplsnt.
454 3473 498 3519 Vbi
508 3473 576 3518 etiam
594 3474 724 3527 denggere:
740 3483 804 3535 quem
823 3475 842 3532 et
863 3465 960 3510 Romani

84 3530 182 3584 baitrei
197 3532 340 3598 usurpabunt,
351 3531 471 3580 elnothus
481 3531 571 3582 scilieet
577 3536 602 3576 et
617 3529 773 3576 levimatene.
803 3522 865 3578 lupa,
