<?xml version="1.0" encoding="UTF-8"?>
<!DOCTYPE html PUBLIC "-//W3C//DTD XHTML 1.0 Transitional//EN"
    "http://www.w3.org/TR/xhtml1/DTD/xhtml1-transitional.dtd">
<html xmlns="http://www.w3.org/1999/xhtml" xml:lang="en" lang="en">
 <head>
  <title>
</title>
<meta http-equiv="Content-Type" content="text/html;charset=utf-8" />
  <meta name='ocr-system' content='tesseract 3.04.00' />
  <meta name='ocr-capabilities' content='ocr_page ocr_carea ocr_par ocr_line ocrx_word'/>
</head>
<body>
  <div class='ocr_page' id='page_1' title='image "./operaexrecensio01tacigoog_0254.png"; bbox 0 0 2164 3846; ppageno 0'>
   <div class='ocr_carea' id='block_1_1' title="bbox 104 205 988 322">
    <p class='ocr_par' dir='ltr' id='par_1_1' title="bbox 104 205 988 322">
     <span class='ocr_line' id='line_1_1' title="bbox 104 205 988 322; baseline 0.002 -44"><span class='ocrx_word' id='word_1_1' title='bbox 104 228 135 278; x_wconf 85' lang='lat' dir='ltr'>s.</span> <span class='ocrx_word' id='word_1_2' title='bbox 153 227 184 277; x_wconf 91' lang='lat' dir='ltr'>c.</span> <span class='ocrx_word' id='word_1_3' title='bbox 204 230 265 322; x_wconf 68' lang='lat'>²⁶⁸.</span> <span class='ocrx_word' id='word_1_4' title='bbox 329 225 402 274; x_wconf 78' lang='lat' dir='ltr'>ura.</span> <span class='ocrx_word' id='word_1_5' title='bbox 429 225 488 275; x_wconf 65' lang='lat' dir='ltr'>rr:</span> <span class='ocrx_word' id='word_1_6' title='bbox 527 225 605 275; x_wconf 80' lang='lat' dir='ltr'>car.</span> <span class='ocrx_word' id='word_1_7' title='bbox 632 205 806 277; x_wconf 64' lang='lat' dir='ltr'>titi-52,</span> <span class='ocrx_word' id='word_1_8' title='bbox 913 209 988 280; x_wconf 76' lang='lat' dir='ltr'>uia</span> 
     </span>
    </p>
   </div>
   <div class='ocr_carea' id='block_1_2' title="bbox 45 381 1035 3472">
    <p class='ocr_par' dir='ltr' id='par_1_2' title="bbox 45 381 1035 3472">
     <span class='ocr_line' id='line_1_2' title="bbox 101 381 989 458; baseline 0.007 -19"><span class='ocrx_word' id='word_1_9' title='bbox 101 385 207 456; x_wconf 83' lang='lat' dir='ltr'>gestae</span> <span class='ocrx_word' id='word_1_10' title='bbox 222 381 355 456; x_wconf 83' lang='lat' dir='ltr'>tapidum</span> <span class='ocrx_word' id='word_1_11' title='bbox 379 383 471 440; x_wconf 85' lang='lat' dir='ltr'>mnias</span> <span class='ocrx_word' id='word_1_12' title='bbox 483 385 667 455; x_wconf 81' lang='lat' dir='ltr'>provolvere.</span> <span class='ocrx_word' id='word_1_13' title='bbox 709 383 874 458; x_wconf 83' lang='lat' dir='ltr'>Hispartas</span> <span class='ocrx_word' id='word_1_14' title='bbox 894 383 989 445; x_wconf 83' lang='lat' dir='ltr'>victu·</span> 
     </span>
     <span class='ocr_line' id='line_1_3' title="bbox 102 480 987 558; baseline 0.007 -20"><span class='ocrx_word' id='word_1_15' title='bbox 102 481 167 538; x_wconf 86' lang='lat' dir='ltr'>riae</span> <span class='ocrx_word' id='word_1_16' title='bbox 196 497 280 555; x_wconf 87' lang='lat' dir='ltr'>spes,</span> <span class='ocrx_word' id='word_1_17' title='bbox 294 486 343 548; x_wconf 81' lang='lat' dir='ltr'>et,</span> <span class='ocrx_word' id='word_1_18' title='bbox 365 480 391 538; x_wconf 92' lang='lat' dir='ltr'>si</span> <span class='ocrx_word' id='word_1_19' title='bbox 414 482 531 550; x_wconf 62' lang='lat' dir='ltr'>mani,</span> <span class='ocrx_word' id='word_1_20' title='bbox 549 481 718 557; x_wconf 85' lang='lat' dir='ltr'>insignitius</span> <span class='ocrx_word' id='word_1_21' title='bbox 739 482 897 558; x_wconf 68' lang='lat' dir='ltr'>flagitium</span> <span class='ocrx_word' id='word_1_22' title='bbox 928 484 987 544; x_wconf 83' lang='lat' dir='ltr'>intr</span> 
     </span>
     <span class='ocr_line' id='line_1_4' title="bbox 103 579 987 666; baseline 0.006 -29"><span class='ocrx_word' id='word_1_23' title='bbox 103 585 246 666; x_wconf 84' lang='lat' dir='ltr'>extrema</span> <span class='ocrx_word' id='word_1_24' title='bbox 261 579 320 636; x_wconf 89' lang='lat' dir='ltr'>iam</span> <span class='ocrx_word' id='word_1_25' title='bbox 333 581 420 648; x_wconf 87' lang='lat' dir='ltr'>satus,</span> <span class='ocrx_word' id='word_1_26' title='bbox 434 584 464 638; x_wconf 87' lang='lat' dir='ltr'>et</span> <span class='ocrx_word' id='word_1_27' title='bbox 477 581 653 640; x_wconf 82' lang='lat' dir='ltr'>adsistentes</span> <span class='ocrx_word' id='word_1_28' title='bbox 666 583 810 656; x_wconf 78' lang='lat' dir='ltr'>plerisque</span> <span class='ocrx_word' id='word_1_29' title='bbox 831 589 936 642; x_wconf 88' lang='lat' dir='ltr'>matres</span> <span class='ocrx_word' id='word_1_30' title='bbox 956 583 987 642; x_wconf 83' lang='lat' dir='ltr'>at</span> 
     </span>
     <span class='ocr_line' id='line_1_5' title="bbox 104 679 987 754; baseline 0.005 -18"><span class='ocrx_word' id='word_1_31' title='bbox 104 679 266 754; x_wconf 82' lang='lat' dir='ltr'>coniuges,</span> <span class='ocrx_word' id='word_1_32' title='bbox 289 690 444 753; x_wconf 83' lang='lat' dir='ltr'>earumque</span> <span class='ocrx_word' id='word_1_33' title='bbox 482 682 610 740; x_wconf 85' lang='lat' dir='ltr'>tamenta</span> <span class='ocrx_word' id='word_1_34' title='bbox 639 682 750 740; x_wconf 87' lang='lat' dir='ltr'>addunt</span> <span class='ocrx_word' id='word_1_35' title='bbox 776 682 897 740; x_wconf 84' lang='lat' dir='ltr'>animus.</span> <span class='ocrx_word' id='word_1_36' title='bbox 926 697 987 740; x_wconf 74' lang='lat' dir='ltr'>nux</span> 
     </span>
     <span class='ocr_line' id='line_1_6' title="bbox 102 777 986 854; baseline 0.003 -19"><span class='ocrx_word' id='word_1_37' title='bbox 102 777 175 836; x_wconf 84' lang='lat' dir='ltr'>aliis</span> <span class='ocrx_word' id='word_1_38' title='bbox 196 778 230 835; x_wconf 89' lang='lat' dir='ltr'>in</span> <span class='ocrx_word' id='word_1_39' title='bbox 259 777 421 848; x_wconf 80' lang='lat' dir='ltr'>amtaciam,</span> <span class='ocrx_word' id='word_1_40' title='bbox 445 778 512 836; x_wconf 87' lang='lat' dir='ltr'>aliis</span> <span class='ocrx_word' id='word_1_41' title='bbox 540 780 578 836; x_wconf 89' lang='lat' dir='ltr'>ad</span> <span class='ocrx_word' id='word_1_42' title='bbox 597 779 780 838; x_wconf 76' lang='lat' dir='ltr'>formidinem</span> <span class='ocrx_word' id='word_1_43' title='bbox 806 785 986 854; x_wconf 84' lang='lat' dir='ltr'>opportunas</span> 
     </span>
     <span class='ocr_line' id='line_1_7' title="bbox 101 876 987 954; baseline 0.005 -20"><span class='ocrx_word' id='word_1_44' title='bbox 101 876 321 943; x_wconf 82' lang='lat' dir='ltr'>incertiictua,</span> <span class='ocrx_word' id='word_1_45' title='bbox 336 880 458 934; x_wconf 82' lang='lat' dir='ltr'>vulnere</span> <span class='ocrx_word' id='word_1_46' title='bbox 477 878 658 951; x_wconf 84' lang='lat' dir='ltr'>improvisa:</span> <span class='ocrx_word' id='word_1_47' title='bbox 679 897 796 938; x_wconf 86' lang='lat' dir='ltr'>suomm</span> <span class='ocrx_word' id='word_1_48' title='bbox 816 883 903 954; x_wconf 85' lang='lat' dir='ltr'>atque</span> <span class='ocrx_word' id='word_1_49' title='bbox 923 879 987 938; x_wconf 76' lang='lat' dir='ltr'>inus·</span> 
     </span>
     <span class='ocr_line' id='line_1_8' title="bbox 103 976 988 1052; baseline 0.006 -19"><span class='ocrx_word' id='word_1_50' title='bbox 103 976 183 1034; x_wconf 87' lang='lat' dir='ltr'>tiam</span> <span class='ocrx_word' id='word_1_51' title='bbox 204 976 370 1050; x_wconf 82' lang='lat' dir='ltr'>ignoratio:</span> <span class='ocrx_word' id='word_1_52' title='bbox 391 981 422 1033; x_wconf 87' lang='lat' dir='ltr'>et</span> <span class='ocrx_word' id='word_1_53' title='bbox 435 977 543 1034; x_wconf 86' lang='lat' dir='ltr'>montis</span> <span class='ocrx_word' id='word_1_54' title='bbox 566 977 696 1035; x_wconf 77' lang='lat' dir='ltr'>anfractu</span> <span class='ocrx_word' id='word_1_55' title='bbox 717 995 912 1052; x_wconf 69' lang='lat' dir='ltr'>repercussae,</span> <span class='ocrx_word' id='word_1_56' title='bbox 927 981 988 1038; x_wconf 84' lang='lat' dir='ltr'>val·</span> 
     </span>
     <span class='ocr_line' id='line_1_9' title="bbox 104 1077 987 1152; baseline 0 -17"><span class='ocrx_word' id='word_1_57' title='bbox 104 1083 138 1135; x_wconf 82' lang='lat' dir='ltr'>ui</span> <span class='ocrx_word' id='word_1_58' title='bbox 153 1093 173 1132; x_wconf 87' lang='lat' dir='ltr'>a</span> <span class='ocrx_word' id='word_1_59' title='bbox 187 1083 282 1150; x_wconf 88' lang='lat' dir='ltr'>tergo,</span> <span class='ocrx_word' id='word_1_60' title='bbox 296 1093 396 1144; x_wconf 83' lang='lat' dir='ltr'>voces,</span> <span class='ocrx_word' id='word_1_61' title='bbox 417 1077 492 1133; x_wconf 86' lang='lat' dir='ltr'>aden</span> <span class='ocrx_word' id='word_1_62' title='bbox 508 1081 617 1134; x_wconf 88' lang='lat' dir='ltr'>cuncta</span> <span class='ocrx_word' id='word_1_63' title='bbox 641 1077 826 1145; x_wconf 85' lang='lat' dir='ltr'>miscuerant,</span> <span class='ocrx_word' id='word_1_64' title='bbox 847 1083 878 1135; x_wconf 89' lang='lat' dir='ltr'>ut</span> <span class='ocrx_word' id='word_1_65' title='bbox 901 1095 987 1152; x_wconf 85' lang='lat' dir='ltr'>quac·</span> 
     </span>
     <span class='ocr_line' id='line_1_10' title="bbox 105 1156 986 1250; baseline 0.002 -17"><span class='ocrx_word' id='word_1_66' title='bbox 105 1175 178 1234; x_wconf 84' lang='lat' dir='ltr'>rium</span> <span class='ocrx_word' id='word_1_67' title='bbox 200 1174 384 1232; x_wconf 89' lang='lat' dir='ltr'>munimenta</span> <span class='ocrx_word' id='word_1_68' title='bbox 405 1175 540 1242; x_wconf 84' lang='lat' dir='ltr'>Romani,</span> <span class='ocrx_word' id='word_1_69' title='bbox 554 1175 637 1250; x_wconf 85' lang='lat' dir='ltr'>quasi</span> <span class='ocrx_word' id='word_1_70' title='bbox 662 1181 805 1249; x_wconf 86' lang='lat' dir='ltr'>perrupta,</span> <span class='ocrx_word' id='word_1_71' title='bbox 824 1156 986 1235; x_wconf 82' lang='lat' dir='ltr'>emiserint.</span> 
     </span>
     <span class='ocr_line' id='line_1_11' title="bbox 105 1274 985 1350; baseline 0.002 -18"><span class='ocrx_word' id='word_1_72' title='bbox 105 1291 207 1350; x_wconf 88' lang='lat' dir='ltr'>neque</span> <span class='ocrx_word' id='word_1_73' title='bbox 219 1279 317 1331; x_wconf 88' lang='lat' dir='ltr'>tamen</span> <span class='ocrx_word' id='word_1_74' title='bbox 333 1291 488 1347; x_wconf 85' lang='lat' dir='ltr'>pervasere</span> <span class='ocrx_word' id='word_1_75' title='bbox 515 1275 623 1342; x_wconf 78' lang='lat' dir='ltr'>innatas,</span> <span class='ocrx_word' id='word_1_76' title='bbox 638 1274 694 1333; x_wconf 89' lang='lat' dir='ltr'>nisi</span> <span class='ocrx_word' id='word_1_77' title='bbox 708 1275 861 1334; x_wconf 75' lang='lat' dir='ltr'><strong>admodum</strong></span> <span class='ocrx_word' id='word_1_78' title='bbox 881 1276 985 1349; x_wconf 77' lang='lat' dir='ltr'>paucis</span> 
     </span>
     <span class='ocr_line' id='line_1_12' title="bbox 106 1373 986 1450; baseline 0.002 -18"><span class='ocrx_word' id='word_1_79' title='bbox 106 1379 236 1441; x_wconf 86' lang='lat' dir='ltr'>ceteros,</span> <span class='ocrx_word' id='word_1_80' title='bbox 256 1373 356 1430; x_wconf 80' lang='lat' dir='ltr'>deleto</span> <span class='ocrx_word' id='word_1_81' title='bbox 376 1373 591 1448; x_wconf 83' lang='lat' dir='ltr'>prumptissimo</span> <span class='ocrx_word' id='word_1_82' title='bbox 603 1391 716 1450; x_wconf 85' lang='lat' dir='ltr'>quoque</span> <span class='ocrx_word' id='word_1_83' title='bbox 737 1379 787 1432; x_wconf 86' lang='lat' dir='ltr'>aui</span> <span class='ocrx_word' id='word_1_84' title='bbox 808 1375 917 1444; x_wconf 85' lang='lat' dir='ltr'>saucio,</span> <span class='ocrx_word' id='word_1_85' title='bbox 935 1376 986 1434; x_wconf 82' lang='lat' dir='ltr'>esi·</span> 
     </span>
     <span class='ocr_line' id='line_1_13' title="bbox 106 1471 985 1548; baseline 0.007 -18"><span class='ocrx_word' id='word_1_86' title='bbox 106 1478 231 1548; x_wconf 87' lang='lat' dir='ltr'>petente</span> <span class='ocrx_word' id='word_1_87' title='bbox 255 1471 315 1530; x_wconf 87' lang='lat' dir='ltr'>iarn</span> <span class='ocrx_word' id='word_1_88' title='bbox 339 1473 414 1543; x_wconf 89' lang='lat' dir='ltr'>tuce,</span> <span class='ocrx_word' id='word_1_89' title='bbox 448 1479 557 1530; x_wconf 76' lang='lat' dir='ltr'>trusere</span> <span class='ocrx_word' id='word_1_90' title='bbox 577 1473 609 1531; x_wconf 92' lang='lat' dir='ltr'>in</span> <span class='ocrx_word' id='word_1_91' title='bbox 638 1491 750 1532; x_wconf 89' lang='lat' dir='ltr'>summa</span> <span class='ocrx_word' id='word_1_92' title='bbox 779 1475 903 1534; x_wconf 82' lang='lat' dir='ltr'>casteiii.</span> <span class='ocrx_word' id='word_1_93' title='bbox 934 1477 985 1536; x_wconf 85' lang='lat' dir='ltr'>ubi</span> 
     </span>
     <span class='ocr_line' id='line_1_14' title="bbox 108 1571 985 1648; baseline 0.005 -18"><span class='ocrx_word' id='word_1_94' title='bbox 108 1573 233 1630; x_wconf 77' lang='lat' dir='ltr'>tandem</span> <span class='ocrx_word' id='word_1_95' title='bbox 261 1577 371 1630; x_wconf 81' lang='lat' dir='ltr'>coacte</span> <span class='ocrx_word' id='word_1_96' title='bbox 391 1571 511 1640; x_wconf 83' lang='lat' dir='ltr'>deditio,</span> <span class='ocrx_word' id='word_1_97' title='bbox 531 1575 562 1630; x_wconf 86' lang='lat' dir='ltr'>ei</span> <span class='ocrx_word' id='word_1_98' title='bbox 591 1572 723 1646; x_wconf 81' lang='lat' dir='ltr'>proxima</span> <span class='ocrx_word' id='word_1_99' title='bbox 750 1581 853 1648; x_wconf 87' lang='lat' dir='ltr'>sponte</span> <span class='ocrx_word' id='word_1_100' title='bbox 873 1573 985 1636; x_wconf 82' lang='lat' dir='ltr'>incoin-</span> 
     </span>
     <span class='ocr_line' id='line_1_15' title="bbox 109 1670 984 1747; baseline 0.003 -17"><span class='ocrx_word' id='word_1_101' title='bbox 109 1689 174 1730; x_wconf 88' lang='lat' dir='ltr'>rum</span> <span class='ocrx_word' id='word_1_102' title='bbox 190 1676 320 1745; x_wconf 86' lang='lat' dir='ltr'>recepta.</span> <span class='ocrx_word' id='word_1_103' title='bbox 344 1670 473 1746; x_wconf 79' lang='lat' dir='ltr'>reliquia,</span> <span class='ocrx_word' id='word_1_104' title='bbox 494 1689 550 1747; x_wconf 88' lang='lat' dir='ltr'>qun</span> <span class='ocrx_word' id='word_1_105' title='bbox 564 1671 657 1729; x_wconf 89' lang='lat' dir='ltr'>minus</span> <span class='ocrx_word' id='word_1_106' title='bbox 673 1671 703 1729; x_wconf 88' lang='lat' dir='ltr'>vi</span> <span class='ocrx_word' id='word_1_107' title='bbox 716 1677 766 1730; x_wconf 85' lang='lat' dir='ltr'>aut</span> <span class='ocrx_word' id='word_1_108' title='bbox 780 1674 895 1733; x_wconf 82' lang='lat' dir='ltr'>obsidio</span> <span class='ocrx_word' id='word_1_109' title='bbox 908 1674 984 1734; x_wconf 87' lang='lat' dir='ltr'>subi·</span> 
     </span>
     <span class='ocr_line' id='line_1_16' title="bbox 107 1757 984 1847; baseline 0.007 -20"><span class='ocrx_word' id='word_1_110' title='bbox 107 1776 256 1847; x_wconf 78' lang='lat' dir='ltr'>gerentur,</span> <span class='ocrx_word' id='word_1_111' title='bbox 277 1777 458 1844; x_wconf 72' lang='lat' dir='ltr'>praemature</span> <span class='ocrx_word' id='word_1_112' title='bbox 476 1769 584 1829; x_wconf 87' lang='lat' dir='ltr'>montis</span> <span class='ocrx_word' id='word_1_113' title='bbox 607 1770 714 1830; x_wconf 85' lang='lat' dir='ltr'>Haemi</span> <span class='ocrx_word' id='word_1_114' title='bbox 727 1777 758 1830; x_wconf 85' lang='lat' dir='ltr'>ei</span> <span class='ocrx_word' id='word_1_115' title='bbox 778 1789 869 1832; x_wconf 85' lang='lat' dir='ltr'>saeva</span> <span class='ocrx_word' id='word_1_116' title='bbox 889 1757 984 1834; x_wconf 77' lang='lat' dir='ltr'>hiems</span> 
     </span>
     <span class='ocr_line' id='line_1_17' title="bbox 109 1869 344 1929; baseline -0.013 0"><span class='ocrx_word' id='word_1_117' title='bbox 109 1869 260 1929; x_wconf 85' lang='lat' dir='ltr'>subvenit.</span> <span class='ocrx_word' id='word_1_118' title='bbox 341 1875 344 1882; x_wconf 89' lang='lat'>&#39;</span> 
     </span>
     <span class='ocr_line' id='line_1_18' title="bbox 117 1969 1035 2046; baseline 0.003 -18"><span class='ocrx_word' id='word_1_119' title='bbox 117 1995 122 2006; x_wconf 90' lang='lat'><strong>·</strong></span> <span class='ocrx_word' id='word_1_120' title='bbox 149 1971 194 2028; x_wconf 81' lang='lat' dir='ltr'>As</span> <span class='ocrx_word' id='word_1_121' title='bbox 226 1969 348 2037; x_wconf 85' lang='lat' dir='ltr'>Romae,</span> <span class='ocrx_word' id='word_1_122' title='bbox 371 1975 524 2028; x_wconf 77' lang='lat' dir='ltr'>cummuta-</span> <span class='ocrx_word' id='word_1_123' title='bbox 542 1970 688 2043; x_wconf 83' lang='lat' dir='ltr'>Principis</span> <span class='ocrx_word' id='word_1_124' title='bbox 711 1971 807 2040; x_wconf 85' lang='lat' dir='ltr'>domo,</span> <span class='ocrx_word' id='word_1_125' title='bbox 840 1975 872 2030; x_wconf 85' lang='lat' dir='ltr'>nt</span> <span class='ocrx_word' id='word_1_126' title='bbox 892 1971 1035 2046; x_wconf 78' lang='lat' dir='ltr'>series52</span> 
     </span>
     <span class='ocr_line' id='line_1_19' title="bbox 105 2067 983 2143; baseline 0.003 -17"><span class='ocrx_word' id='word_1_127' title='bbox 105 2067 196 2126; x_wconf 84' lang='lat' dir='ltr'>iuturi</span> <span class='ocrx_word' id='word_1_128' title='bbox 217 2067 248 2125; x_wconf 87' lang='lat' dir='ltr'>in</span> <span class='ocrx_word' id='word_1_129' title='bbox 270 2067 464 2143; x_wconf 80' lang='lat' dir='ltr'>Agrippinam</span> <span class='ocrx_word' id='word_1_130' title='bbox 486 2069 573 2127; x_wconf 83' lang='lat' dir='ltr'>exitii</span> <span class='ocrx_word' id='word_1_131' title='bbox 596 2069 750 2143; x_wconf 77' lang='lat' dir='ltr'>inciperet,</span> <span class='ocrx_word' id='word_1_132' title='bbox 771 2069 896 2128; x_wconf 74' lang='lat' dir='ltr'>Claudia</span> <span class='ocrx_word' id='word_1_133' title='bbox 916 2069 983 2129; x_wconf 85' lang='lat' dir='ltr'>Pul·</span> 
     </span>
     <span class='ocr_line' id='line_1_20' title="bbox 108 2165 984 2264; baseline -0.002 -38"><span class='ocrx_word' id='word_1_134' title='bbox 108 2169 192 2235; x_wconf 86' lang='lat' dir='ltr'>cirra,</span> <span class='ocrx_word' id='word_1_135' title='bbox 214 2167 331 2224; x_wconf 86' lang='lat' dir='ltr'>subrina</span> <span class='ocrx_word' id='word_1_136' title='bbox 363 2165 437 2236; x_wconf 81' lang='lat' dir='ltr'>eius,</span> <span class='ocrx_word' id='word_1_137' title='bbox 457 2170 637 2264; x_wconf 65' lang='lat' dir='ltr'>postulatur,</span> <span class='ocrx_word' id='word_1_138' title='bbox 668 2171 827 2225; x_wconf 76' lang='lat' dir='ltr'>accusante</span> <span class='ocrx_word' id='word_1_139' title='bbox 850 2167 984 2224; x_wconf 85' lang='lat' dir='ltr'>Domitio</span> 
     </span>
     <span class='ocr_line' id='line_1_21' title="bbox 45 2263 984 2338; baseline -0.001 -13"><span class='ocrx_word' id='word_1_140' title='bbox 45 2275 49 2290; x_wconf 83' lang='lat'>·</span> <span class='ocrx_word' id='word_1_141' title='bbox 108 2266 196 2326; x_wconf 82' lang='lat' dir='ltr'>Ai&#39;ru.</span> <span class='ocrx_word' id='word_1_142' title='bbox 237 2266 268 2324; x_wconf 88' lang='lat' dir='ltr'>is</span> <span class='ocrx_word' id='word_1_143' title='bbox 292 2283 395 2324; x_wconf 87' lang='lat' dir='ltr'>recena</span> <span class='ocrx_word' id='word_1_144' title='bbox 422 2267 570 2335; x_wconf 86' lang='lat' dir='ltr'>Praetura,</span> <span class='ocrx_word' id='word_1_145' title='bbox 591 2266 721 2324; x_wconf 82' lang='lat' dir='ltr'>modicus</span> <span class='ocrx_word' id='word_1_146' title='bbox 745 2263 930 2338; x_wconf 72' lang='lat' dir='ltr'>dignationis,</span> <span class='ocrx_word' id='word_1_147' title='bbox 951 2269 984 2324; x_wconf 86' lang='lat' dir='ltr'>et</span> 
     </span>
     <span class='ocr_line' id='line_1_22' title="bbox 106 2360 984 2442; baseline -0.005 -19"><span class='ocrx_word' id='word_1_148' title='bbox 106 2381 224 2442; x_wconf 85' lang='lat' dir='ltr'>quoquo</span> <span class='ocrx_word' id='word_1_149' title='bbox 247 2365 376 2423; x_wconf 81' lang='lat' dir='ltr'>facinore</span> <span class='ocrx_word' id='word_1_150' title='bbox 394 2383 532 2440; x_wconf 87' lang='lat' dir='ltr'>properus</span> <span class='ocrx_word' id='word_1_151' title='bbox 552 2368 725 2432; x_wconf 81' lang='lat' dir='ltr'>clarescere,</span> <span class='ocrx_word' id='word_1_152' title='bbox 744 2361 848 2420; x_wconf 81' lang='lat' dir='ltr'>crimen</span> <span class='ocrx_word' id='word_1_153' title='bbox 866 2360 984 2439; x_wconf 65' lang='lat' dir='ltr'>iapudi-</span> 
     </span>
     <span class='ocr_line' id='line_1_23' title="bbox 107 2459 983 2542; baseline 0 -20"><span class='ocrx_word' id='word_1_154' title='bbox 107 2462 200 2533; x_wconf 81' lang='lat' dir='ltr'>cs&#39;ts&#39;ue,</span> <span class='ocrx_word' id='word_1_155' title='bbox 222 2462 380 2522; x_wconf 78' lang='lat' dir='ltr'>udultcmm</span> <span class='ocrx_word' id='word_1_156' title='bbox 404 2463 550 2533; x_wconf 66' lang='lat' dir='ltr'>namara</span> <span class='ocrx_word' id='word_1_157' title='bbox 569 2461 700 2542; x_wconf 58' lang='lat' dir='ltr'>aengien</span> <span class='ocrx_word' id='word_1_158' title='bbox 721 2459 753 2520; x_wconf 83' lang='lat' dir='ltr'>iu</span> <span class='ocrx_word' id='word_1_159' title='bbox 773 2459 934 2539; x_wconf 70' lang='lat' dir='ltr'>Principem</span> <span class='ocrx_word' id='word_1_160' title='bbox 956 2468 983 2522; x_wconf 82' lang='lat' dir='ltr'>et</span> 
     </span>
     <span class='ocr_line' id='line_1_24' title="bbox 106 2561 983 2638; baseline 0.002 -16"><span class='ocrx_word' id='word_1_161' title='bbox 106 2561 261 2622; x_wconf 76' lang='lat' dir='ltr'>dmutionee</span> <span class='ocrx_word' id='word_1_162' title='bbox 273 2563 449 2622; x_wconf 83' lang='lat' dir='ltr'>obiectabat.</span> <span class='ocrx_word' id='word_1_163' title='bbox 493 2563 657 2638; x_wconf 83' lang='lat' dir='ltr'>Agrippina</span> <span class='ocrx_word' id='word_1_164' title='bbox 678 2579 792 2635; x_wconf 86' lang='lat' dir='ltr'>semper</span> <span class='ocrx_word' id='word_1_165' title='bbox 814 2568 907 2632; x_wconf 85' lang='lat' dir='ltr'>atmrr,</span> <span class='ocrx_word' id='word_1_166' title='bbox 921 2567 983 2624; x_wconf 80' lang='lat' dir='ltr'>tum</span> 
     </span>
     <span class='ocr_line' id='line_1_25' title="bbox 107 2661 982 2738; baseline 0.003 -19"><span class='ocrx_word' id='word_1_167' title='bbox 107 2667 139 2720; x_wconf 86' lang='lat' dir='ltr'>et</span> <span class='ocrx_word' id='word_1_168' title='bbox 160 2661 292 2736; x_wconf 82' lang='lat' dir='ltr'>periculo</span> <span class='ocrx_word' id='word_1_169' title='bbox 305 2662 484 2738; x_wconf 86' lang='lat' dir='ltr'>propinquae</span> <span class='ocrx_word' id='word_1_170' title='bbox 502 2677 638 2730; x_wconf 87' lang='lat' dir='ltr'>accensa,</span> <span class='ocrx_word' id='word_1_171' title='bbox 659 2662 753 2737; x_wconf 85' lang='lat' dir='ltr'>pergit</span> <span class='ocrx_word' id='word_1_172' title='bbox 766 2662 803 2720; x_wconf 82' lang='lat' dir='ltr'>art</span> <span class='ocrx_word' id='word_1_173' title='bbox 819 2661 982 2732; x_wconf 73' lang='lat' dir='ltr'>Tiberium,</span> 
     </span>
     <span class='ocr_line' id='line_1_26' title="bbox 108 2759 983 2836; baseline 0.002 -17"><span class='ocrx_word' id='word_1_174' title='bbox 108 2777 145 2819; x_wconf 84' lang='lat' dir='ltr'>sc</span> <span class='ocrx_word' id='word_1_175' title='bbox 160 2761 233 2818; x_wconf 82' lang='lat' dir='ltr'>inrte</span> <span class='ocrx_word' id='word_1_176' title='bbox 247 2759 462 2820; x_wconf 81' lang='lat' dir='ltr'>sacrificantem</span> <span class='ocrx_word' id='word_1_177' title='bbox 487 2760 561 2835; x_wconf 88' lang='lat' dir='ltr'>patri</span> <span class='ocrx_word' id='word_1_178' title='bbox 584 2761 701 2834; x_wconf 88' lang='lat' dir='ltr'>reperit.</span> <span class='ocrx_word' id='word_1_179' title='bbox 722 2778 779 2836; x_wconf 91' lang='lat' dir='ltr'>quo</span> <span class='ocrx_word' id='word_1_180' title='bbox 802 2761 887 2820; x_wconf 84' lang='lat' dir='ltr'>initio</span> <span class='ocrx_word' id='word_1_181' title='bbox 907 2762 983 2822; x_wconf 85' lang='lat' dir='ltr'>invi·</span> 
     </span>
     <span class='ocr_line' id='line_1_27' title="bbox 107 2857 984 2935; baseline 0.002 -17"><span class='ocrx_word' id='word_1_182' title='bbox 107 2859 184 2930; x_wconf 78' lang='lat' dir='ltr'>dise,</span> <span class='ocrx_word' id='word_1_183' title='bbox 205 2866 214 2894; x_wconf 81' lang='lat'><strong>⁴</strong></span> <span class='ocrx_word' id='word_1_184' title='bbox 228 2861 299 2918; x_wconf 86' lang='lat' dir='ltr'>Nun</span> <span class='ocrx_word' id='word_1_185' title='bbox 313 2857 463 2928; x_wconf 84' lang='lat' dir='ltr'>eiusdem,’</span> <span class='ocrx_word' id='word_1_186' title='bbox 473 2859 523 2929; x_wconf 87' lang='lat' dir='ltr'>nit,</span> <span class='ocrx_word' id='word_1_187' title='bbox 537 2865 546 2892; x_wconf 82' lang='lat'><strong>⁴</strong></span> <span class='ocrx_word' id='word_1_188' title='bbox 558 2864 687 2916; x_wconf 88' lang='lat' dir='ltr'>mactare</span> <span class='ocrx_word' id='word_1_189' title='bbox 701 2860 740 2916; x_wconf 86' lang='grc' dir='ltr'>Ι).</span> <span class='ocrx_word' id='word_1_190' title='bbox 754 2861 888 2935; x_wconf 79' lang='lat' dir='ltr'>Augusto</span> <span class='ocrx_word' id='word_1_191' title='bbox 900 2861 984 2920; x_wconf 83' lang='lat' dir='ltr'>victi·</span> 
     </span>
     <span class='ocr_line' id='line_1_28' title="bbox 108 2958 983 3036; baseline 0.005 -20"><span class='ocrx_word' id='word_1_192' title='bbox 108 2964 201 3027; x_wconf 65' lang='lat' dir='ltr'>‘man</span> <span class='ocrx_word' id='word_1_193' title='bbox 214 2965 246 3017; x_wconf 89' lang='lat' dir='ltr'>et</span> <span class='ocrx_word' id='word_1_194' title='bbox 257 2963 387 3032; x_wconf 78' lang='lat' dir='ltr'>porterus</span> <span class='ocrx_word' id='word_1_195' title='bbox 401 2958 464 3016; x_wconf 89' lang='lat' dir='ltr'>eius</span> <span class='ocrx_word' id='word_1_196' title='bbox 477 2958 626 3016; x_wconf 88' lang='lat' dir='ltr'>insectari.</span> <span class='ocrx_word' id='word_1_197' title='bbox 647 2975 707 3017; x_wconf 90' lang='lat' dir='ltr'>ncn</span> <span class='ocrx_word' id='word_1_198' title='bbox 717 2958 754 3016; x_wconf 85' lang='lat' dir='ltr'>in.</span> <span class='ocrx_word' id='word_1_199' title='bbox 764 2961 875 3036; x_wconf 79' lang='lat' dir='ltr'>effigies</span> <span class='ocrx_word' id='word_1_200' title='bbox 889 2965 983 3020; x_wconf 85' lang='lat' dir='ltr'>mutas</span> 
     </span>
     <span class='ocr_line' id='line_1_29' title="bbox 111 3057 982 3133; baseline 0.002 -17"><span class='ocrx_word' id='word_1_201' title='bbox 111 3057 277 3117; x_wconf 82' lang='lat' dir='ltr'>‘Divinum</span> <span class='ocrx_word' id='word_1_202' title='bbox 287 3057 420 3132; x_wconf 85' lang='lat' dir='ltr'>spiritum</span> <span class='ocrx_word' id='word_1_203' title='bbox 434 3057 623 3127; x_wconf 65' lang='lat' dir='ltr'>transfusuma</span> <span class='ocrx_word' id='word_1_204' title='bbox 637 3059 689 3116; x_wconf 83' lang='lat' dir='ltr'>seri</span> <span class='ocrx_word' id='word_1_205' title='bbox 700 3058 858 3133; x_wconf 82' lang='lat' dir='ltr'>imaginem</span> <span class='ocrx_word' id='word_1_206' title='bbox 873 3077 982 3130; x_wconf 88' lang='lat' dir='ltr'>veram,</span> 
     </span>
     <span class='ocr_line' id='line_1_30' title="bbox 107 3156 983 3232; baseline -0.002 -16"><span class='ocrx_word' id='word_1_207' title='bbox 107 3157 250 3216; x_wconf 70' lang='lat' dir='ltr'>‘coereeat</span> <span class='ocrx_word' id='word_1_208' title='bbox 263 3157 406 3232; x_wconf 85' lang='lat' dir='ltr'>sanguina</span> <span class='ocrx_word' id='word_1_209' title='bbox 427 3162 529 3223; x_wconf 82' lang='lat' dir='ltr'>ortam,</span> <span class='ocrx_word' id='word_1_210' title='bbox 552 3156 717 3232; x_wconf 82' lang='lat' dir='ltr'>intelligere</span> <span class='ocrx_word' id='word_1_211' title='bbox 737 3157 903 3225; x_wconf 82' lang='lat' dir='ltr'>discrimen,</span> <span class='ocrx_word' id='word_1_212' title='bbox 922 3173 983 3216; x_wconf 85' lang='lat' dir='ltr'>sus-</span> 
     </span>
     <span class='ocr_line' id='line_1_31' title="bbox 107 3254 981 3332; baseline -0.007 -17"><span class='ocrx_word' id='word_1_213' title='bbox 107 3256 228 3332; x_wconf 91' lang='lat' dir='ltr'>‘cipere</span> <span class='ocrx_word' id='word_1_214' title='bbox 241 3257 351 3314; x_wconf 83' lang='lat' dir='ltr'>sordes.</span> <span class='ocrx_word' id='word_1_215' title='bbox 371 3255 476 3314; x_wconf 85' lang='lat' dir='ltr'>irusira</span> <span class='ocrx_word' id='word_1_216' title='bbox 495 3255 651 3314; x_wconf 85' lang='lat' dir='ltr'>Pulchram</span> <span class='ocrx_word' id='word_1_217' title='bbox 667 3255 833 3330; x_wconf 83' lang='lat' dir='ltr'>praescribi,</span> <span class='ocrx_word' id='word_1_218' title='bbox 855 3254 904 3312; x_wconf 89' lang='lat' dir='ltr'>cui</span> <span class='ocrx_word' id='word_1_219' title='bbox 918 3255 981 3316; x_wconf 82' lang='lat' dir='ltr'>aute</span> 
     </span>
     <span class='ocr_line' id='line_1_32' title="bbox 132 3379 981 3472; baseline -0.012 -14"><span class='ocrx_word' id='word_1_220' title='bbox 132 3412 211 3468; x_wconf 56' lang='lat' dir='ltr'>,tiron</span> <span class='ocrx_word' id='word_1_221' title='bbox 252 3379 275 3458; x_wconf 84' lang='grc' dir='ltr'>ἰ,Ι</span> <span class='ocrx_word' id='word_1_222' title='bbox 288 3426 309 3458; x_wconf 91' lang='lat' dir='ltr'>e.</span> <span class='ocrx_word' id='word_1_223' title='bbox 328 3412 397 3466; x_wconf 80' lang='lat' dir='ltr'>teror,</span> <span class='ocrx_word' id='word_1_224' title='bbox 408 3410 519 3472; x_wconf 83' lang='lat' dir='ltr'>impotens</span> <span class='ocrx_word' id='word_1_225' title='bbox 529 3407 606 3463; x_wconf 86' lang='lat' dir='ltr'>animi,</span> <span class='ocrx_word' id='word_1_226' title='bbox 621 3408 665 3455; x_wconf 88' lang='lat' dir='ltr'>iras</span> <span class='ocrx_word' id='word_1_227' title='bbox 674 3405 788 3452; x_wconf 75' lang='lat' dir='ltr'>occultare</span> <span class='ocrx_word' id='word_1_228' title='bbox 805 3401 885 3454; x_wconf 83' lang='lat' dir='ltr'>nescia,</span> <span class='ocrx_word' id='word_1_229' title='bbox 897 3401 981 3445; x_wconf 84' lang='lat' dir='ltr'>animo·</span> 
     </span>
    </p>
   </div>
   <div class='ocr_carea' id='block_1_3' title="bbox 107 3457 981 3580">
    <p class='ocr_par' dir='ltr' id='par_1_3' title="bbox 107 3457 981 3580">
     <span class='ocr_line' id='line_1_33' title="bbox 107 3457 981 3580; baseline -0.005 -63"><span class='ocrx_word' id='word_1_230' title='bbox 107 3485 139 3580; x_wconf 51' lang='grc' dir='ltr'>ἓ</span> <span class='ocrx_word' id='word_1_231' title='bbox 173 3469 273 3577; x_wconf 43' lang='lat' dir='ltr'>{mira</span> <span class='ocrx_word' id='word_1_232' title='bbox 290 3473 328 3521; x_wconf 75' lang='grc'>60.</span> <span class='ocrx_word' id='word_1_233' title='bbox 358 3470 424 3520; x_wconf 81' lang='lat' dir='ltr'>Talis</span> <span class='ocrx_word' id='word_1_234' title='bbox 440 3475 465 3518; x_wconf 85' lang='lat' dir='ltr'>et</span> <span class='ocrx_word' id='word_1_235' title='bbox 478 3473 544 3516; x_wconf 72' lang='lat' dir='ltr'>atrum</span> <span class='ocrx_word' id='word_1_236' title='bbox 563 3467 654 3518; x_wconf 72' lang='lat' dir='ltr'>cannis</span> <span class='ocrx_word' id='word_1_237' title='bbox 668 3463 761 3511; x_wconf 79' lang='lat' dir='ltr'>animus</span> <span class='ocrx_word' id='word_1_238' title='bbox 778 3475 816 3520; x_wconf 84' lang='lat' dir='ltr'>ep.</span> <span class='ocrx_word' id='word_1_239' title='bbox 832 3457 914 3506; x_wconf 59' lang='lat' dir='ltr'>Horti·</span> <span class='ocrx_word' id='word_1_240' title='bbox 924 3461 981 3515; x_wconf 69' lang='lat'>2&#39;012</span> 
     </span>
     <span class='ocr_line' id='line_1_34' title="bbox 138 3543 241 3578; baseline -0.01 0"><span class='ocrx_word' id='word_1_241' title='bbox 138 3565 144 3578; x_wconf 90' lang='grc'><em>,</em></span> <span class='ocrx_word' id='word_1_242' title='bbox 203 3543 241 3578; x_wconf 85' lang='lat' dir='ltr'>rn.</span> 
     </span>
    </p>
   </div>
   <div class='ocr_carea' id='block_1_4' title="bbox 0 0 1088 3846">
    <p class='ocr_par' dir='ltr' id='par_1_4' title="bbox 0 0 1088 3846">
     <span class='ocr_line' id='line_1_35' title="bbox 0 0 1088 3846; baseline 0 0"><span class='ocrx_word' id='word_1_243' title='bbox 0 0 1088 3846; x_wconf 95' lang='lat' dir='ltr'> </span> 
     </span>
    </p>
   </div>
   <div class='ocr_carea' id='block_1_5' title="bbox 1010 3715 1070 3792">
    <p class='ocr_par' dir='ltr' id='par_1_5' title="bbox 1010 3715 1070 3792">
     <span class='ocr_line' id='line_1_36' title="bbox 1010 3715 1070 3792; baseline 0 0"><span class='ocrx_word' id='word_1_244' title='bbox 1010 3715 1070 3792; x_wconf 79' lang='grc' dir='ltr'><strong><em>Δ</em></strong></span> 
     </span>
    </p>
   </div>
  </div>
 </body>
</html>
