2134 3826
121 251 190 300 aa.
207 253 243 300 rr.
327 249 400 298 ura.
430 248 454 295 1.
507 247 586 294 cnr.
611 223 780 296 ‹ru-47.
943 225 990 294 dl

117 421 167 462 uua
179 404 340 480 asperitate
354 401 478 462 remedii
492 418 577 478 quam
590 401 710 460 acetaria
725 401 873 460 memoria.
916 399 994 458 Ceu·

119 505 294 562 turionatum
307 503 378 562 iude
393 503 464 577 egit.
485 501 591 560 citatur
605 505 642 558 ab
666 503 852 575 imperatore,
877 517 993 568 nomeu,

118 603 258 670 ordinem,
272 602 409 677 patriam,
423 617 573 658 numerum
594 601 813 675 stipendiorum,
838 617 911 675 quae
925 611 994 656 atre·

119 702 220 760 cuein
242 701 363 778 procliis
377 699 513 770 fecissen
534 705 563 758 et
587 701 636 759 eui
651 706 734 760 crant
747 702 825 758 dona
848 700 994 767 militaria,

120 803 231 861 edebat.
246 803 272 862 ei
289 800 407 868 tribuni,
421 801 446 859 ui
461 801 539 876 legio
552 801 722 860 iudustriam
737 799 995 876 innocentiamque

121 903 363 976 adprobaverunt,
385 900 528 959 retinebat
542 901 671 958 ordiner:
695 901 744 958 ubi
759 900 924 968 avaritiam,
946 903 997 958 aut

123 1003 336 1070 crudelitatem,
349 1018 494 1059 concensu
507 999 748 1067 obiectavirrent,
763 1001 931 1058 solvebatur
944 999 996 1058 mi·

123 1101 192 1160 litia
233 1100 287 1160 Sic
300 1099 470 1194 compositio
485 1100 782 1174 praeeminuerunt
799 1099 892 1174 minor
904 1102 994 1157 molae
1007 1083 1046 1150 45

124 1205 279 1274 superarat,
292 1201 331 1258 ob
344 1199 481 1257 ferociam
496 1199 615 1273 qdintua
628 1205 660 1257 et
683 1199 935 1258 unaetvicerimae
957 1201 996 1257 le·

124 1299 250 1374 glanum,
263 1299 479 1373 sexagesimum
492 1301 568 1373 apud
594 1299 720 1374 lapidem
734 1300 814 1378 (loco
829 1298 859 1356 V
857 1305 933 1357 eieru
947 1317 997 1358 no·

124 1415 189 1456 men
209 1396 270 1477 est)
283 1397 510 1456 hibernentium.
531 1415 600 1456 nam
612 1399 696 1472 primi
709 1399 883 1458 raditionem
910 1417 997 1476 coep·

124 1501 276 1556 laverant:
301 1495 513 1556 atrociaaimum
536 1499 669 1574 quodque
690 1499 802 1558 taciano
816 1501 917 1560 trorum
939 1517 997 1559 ma-

105 1596 206 1655 nibus
220 1601 383 1672 patratum:
408 1614 465 1656 uec
490 1614 584 1672 poena
607 1597 838 1658 commilitonum
861 1599 998 1659 exterriti

124 1713 177 1758 uec
203 1695 389 1772 poenitentia
415 1697 561 1764 conveni,
585 1697 643 1756 irae
666 1700 842 1758 reticebant.
903 1699 998 1774 Igitur

126 1795 235 1854 Caesar
248 1813 338 1866 arma,
351 1796 485 1864 elacrem,
499 1795 594 1854 accior
607 1796 761 1856 demittere
775 1797 882 1856 Rheno
905 1803 997 1874 parat,

125 1895 149 1952 ri
171 1894 327 1969 imparium
350 1895 537 1962 detrectatur,
562 1897 640 1954 bello
660 1902 831 1956 certaturus.
874 1899 917 1956 At
940 1898 997 1956 Ro·

127 2009 198 2062 mae,
213 1995 345 2052 noudum
358 1993 487 2068 cognito,
501 1993 550 2068 qui
570 1995 672 2054 toleret
696 1997 793 2055 exitur
814 1996 846 2054 iu
866 1996 998 2072 Illyrico,

127 2097 153 2152 et
166 2093 314 2169 legionum
330 2092 571 2150 Germanicarum
582 2101 661 2152 motu
675 2095 784 2164 auditu,
799 2095 912 2169 trepida
926 2095 1000 2153 civi·

127 2198 169 2251 tua
182 2193 319 2251 incusare
335 2191 500 2258 Tiberium,
513 2195 615 2270 ‘quod
629 2195 698 2252 dum
713 2195 816 2252 Patren
830 2199 860 2250 et
874 2195 999 2266 plebem,

128 2292 280 2350 ‘invalide
306 2295 338 2348 et
365 2291 501 2360 inermia,
526 2294 717 2352 cunctatione
746 2293 814 2349 licta
828 2291 1000 2360 ludificetur,

127 2391 286 2450 ‘'discideat
313 2389 431 2448 interim
455 2391 548 2460 mileu,
570 2409 664 2467 nequa
688 2393 809 2450 duorum
833 2390 1001 2452 adolescen-

127 2491 216 2548 ‘tium
232 2490 362 2548 nondum
377 2491 476 2548 adulta
490 2492 662 2548 auctoritate
673 2490 826 2565 comprimi
839 2496 943 2567 queat:
958 2490 1001 2550 tre

128 2587 237 2662 ‘ippum
252 2593 283 2646 et
301 2603 449 2662 opponere
469 2590 652 2648 maiestatem
676 2590 890 2664 imperatorium
913 2592 1002 2650 debu-

128 2687 213 2753 ‘ieae,
227 2687 363 2755 cessuria,
377 2687 427 2746 ubi
449 2688 612 2762 principem
635 2691 722 2764 longa
736 2690 919 2764 experientia
932 2708 1002 2748 aun·

127 2787 267 2862 ‘demque
280 2785 447 2844 severitatis
459 2792 490 2844 et
511 2787 730 2846 munificentiae
754 2807 897 2848 summurn
914 2789 1001 2846 vidis·

128 2889 219 2944 ‘acnt
262 2887 313 2943 An
330 2886 502 2960 Augustum,
527 2887 729 2956 traducenda,
751 2889 858 2946 totiena
873 2889 903 2946 iu
929 2887 1002 2944 Ger·

128 2985 260 3044 ‘maniae
287 3001 452 3042 commeare
480 2984 623 3059 potuisse:
656 2986 818 3057 Tiberium,
851 2987 1002 3059 vigentem

129 3083 239 3151 ‘annia
253 3084 355 3140 redere
371 3082 400 3140 in
417 3084 538 3150 Senatu,
553 3085 642 3142 verba
658 3085 775 3142 Petrum
787 3077 1002 3142 cavillantem?

128 3183 213 3242 ‘aetia
229 3187 413 3258 prospectum
426 3183 554 3240 urbanae
567 3183 722 3253 eervitntl3
744 3182 916 3240 militaribus
941 3179 1002 3236 anl-

129 3283 198 3340 ‘mie
213 3281 382 3338 adhibenda
395 3280 534 3348 tomenta,
546 3285 579 3338 ut
592 3281 665 3338 terre
680 3297 784 3352 pacem
800 3273 911 3332 velint!
948 3275 1004 3326 lrn·

1009 1866 1046 1924 du

1017 3253 1046 3308 li

129 3390 237 3438 motum
251 3381 392 3436 adversus
405 3397 456 3436 eoa
475 3395 623 3434 sermones
637 3378 784 3444 linumque
807 3365 931 3424 Tiberio
945 3364 1008 3426 tuit,

129 3497 186 3538 aon
201 3480 339 3538 omittere
353 3481 443 3552 caput
457 3491 561 3542 rerum,
576 3489 670 3544 neque
685 3487 717 3524 ea
732 3479 848 3533 remque
864 3455 1010 3528 publicam

166 3596 239 3638 voa.
262 3595 284 3634 r.
608 3563 655 3620 Μ
713 3597 716 3604 ’
989 3635 1046 3738 Δ
