2134 3826
121 175 153 222 s.
172 173 203 222 c.
223 175 256 222 ιε.
366 169 439 222 uta.
466 175 489 222 1.
544 173 622 222 css.
648 154 708 259 57ἶ
732 151 791 223 58.
957 155 1007 224 49

122 327 279 404 nigneque
319 337 471 404 exceptus,
505 345 574 390 cum
616 329 759 404 praesidio
792 329 940 390 Gallicum
973 331 1006 390 in

125 427 222 500 ripam
256 425 361 486 missus
391 434 446 486 est.
502 429 681 488 Germanico
710 429 834 503 pretium
854 427 917 498 tuit,
938 447 1006 488 cun·

125 531 245 584 vertere
267 544 392 600 agmen:
412 533 626 603 pugnatumque
645 529 676 586 in
690 527 861 594 obsidentis,
882 535 911 586 et
926 547 1005 604 erep-

124 629 171 684 tus
192 627 334 701 Segestes
348 643 454 702 magna
472 644 540 686 cum
556 627 778 702 propinquorum
803 634 833 686 et
854 627 1005 686 clientium

129 741 228 783 manu.
281 726 404 784 Inerant
434 726 561 784 feminae
591 727 724 784 nobiles:
747 728 825 784 inter
843 745 914 801 quas
935 743 1007 784 uxor

133 824 275 892 Arminii,
312 827 472 899 eademque
515 826 577 884 filia
611 828 752 900 Segestis,
786 826 883 886 meriti
916 825 1009 899 magia

128 941 214 998 quam
237 925 367 996 parentis
388 924 496 992 animo,
517 943 610 999 neque
636 929 716 984 victa
737 928 767 984 in
789 925 935 989 lacrimas.
958 943 1006 982 ue·

129 1041 183 1098 que
204 1041 281 1082 voce
302 1026 437 1096 supplex,
457 1025 630 1096 compressis
650 1026 727 1082 iutra
747 1025 841 1084 sinum
863 1022 1006 1091 manibus,

130 1123 285 1197 gravidum
320 1129 432 1180 uterum
467 1123 591 1184 intuens.
634 1125 817 1182 Ferebantor
850 1131 880 1181 et
913 1121 1007 1196 spolia

129 1221 282 1280 Varianae
301 1223 405 1286 cladis,
434 1222 578 1298 plerisque
606 1240 716 1290 eorum,
736 1223 785 1298 qui
814 1229 874 1280 tum
905 1221 935 1280 in
956 1223 1005 1278 de·

128 1321 273 1380 ditionem
306 1321 476 1388 veniebant,
497 1323 622 1394 praedae
652 1323 729 1379 data.
786 1322 879 1378 Simul
902 1323 1004 1396 Seges·
1016 1317 1045 1376 51

131 1425 173 1476 tes
192 1422 268 1492 ipse,
288 1419 394 1494 ingena
416 1421 491 1488 visu,
510 1429 541 1480 et
571 1420 710 1478 memoria
740 1422 832 1478 bonae
853 1421 1004 1478 societatis

129 1519 304 1592 impavidus.
368 1519 470 1578 Verbo
498 1519 561 1576 eius
589 1520 620 1576 in
650 1521 727 1576 hunc
757 1522 871 1578 modum
905 1519 1003 1576 suere:

128 1619 217 1676 ‘Non
241 1619 290 1675 hic
312 1618 385 1676 mihi
405 1617 514 1690 primus
534 1637 602 1694 erga
623 1621 758 1692 populum
781 1619 864 1676 Rom.
886 1619 954 1676 fidei
974 1622 1005 1674 et

129 1719 339 1775 ‘constantiae
359 1717 431 1774 dies.
453 1736 491 1774 ex
513 1736 607 1792 quoa
632 1719 703 1774 divo
725 1719 859 1794 Augusto
879 1719 1004 1774 civitate

127 1819 273 1874 ‘donatus
293 1834 366 1882 som,
380 1817 492 1874 amicos
512 1818 702 1892 inimicosque
724 1836 761 1874 ex
777 1818 882 1874 vestris
898 1817 1005 1874 utilita-

127 1918 224 1974 ‘tibus
244 1917 343 1990 delegi
355 1936 365 2000 :¹
383 1933 477 1990 neque
490 1917 559 1972 odio
573 1917 694 1990 patriae,
707 1913 828 1993 (quippe
845 1917 1004 1988 proditores

127 2016 238 2074 ‘etiam
269 2015 316 2080 iis,
343 2031 414 2088 quos
442 2021 633 2087 anteponunt,
661 2014 751 2072 invisi
778 2012 869 2090 suut.)
903 2029 1004 2072 verum
1044 2081 1045 2092 χ

129 2116 219 2188 ‘quia
249 2113 392 2180 Romanis
423 2113 636 2188 Germanisque
665 2113 743 2170 idem
771 2113 946 2177 conducere,
974 2114 1005 2167 et

128 2217 254 2286 ‘pacem
273 2231 360 2287 quam
375 2215 482 2270 beilum
490 2215 662 2288 probabam,
677 2229 746 2284 ergo
761 2216 904 2282 raptorem
925 2207 1003 2266 filiae

130 2317 239 2383 ‘meae
266 2313 440 2372 violatorem
465 2311 587 2368 foederis
617 2311 716 2376 vestri,
734 2307 908 2370 Arminium,
928 2307 1004 2378 apud

128 2413 272 2480 ‘Varum
295 2412 420 2486 quitum
448 2411 591 2468 exercitui
614 2409 810 2482 prraesidebet,
830 2423 907 2464 reum
936 2405 1002 2464 ieci.
1042 2411 1045 2420 ”

130 2511 254 2568 ‘dilatus
274 2511 402 2584 segnitia
421 2510 513 2574 ducis,
528 2512 596 2584 quia
621 2525 719 2581 parum
735 2505 871 2578 praesidii
885 2507 916 2564 in
934 2504 1003 2580 tegi·

132 2610 202 2668 ‘bus
216 2617 289 2678 erat,
304 2617 335 2668 ut
349 2625 396 2666 me
411 2615 441 2666 et
468 2607 633 2668 Arminium
654 2616 685 2664 et
705 2605 840 2664 conscius
867 2607 1004 2673 vinciret,

129 2709 290 2784 ‘flagitavi
301 2709 384 2766 testis
405 2708 455 2764 illa
471 2725 541 2770 uox,
555 2707 627 2766 mihi
642 2707 752 2764 utinam
768 2706 862 2779 potius
877 2704 1001 2764 novissi·

130 2812 218 2866 ‘mat
240 2825 314 2882 quae
328 2813 429 2864 secuta
447 2813 523 2872 sunt,
547 2805 648 2863 dederi
662 2805 763 2880 magis,
776 2823 861 2880 quam
882 2803 1003 2862 defendi

128 2911 279 2980 ‘possunt
301 2912 431 2964 ceterum
458 2911 488 2962 et
514 2903 606 2962 inieci
623 2912 743 2962 eatenus
761 2904 904 2969 Arminio,
925 2909 956 2959 et
983 2917 1002 2957 a

74 3019 78 3030 ·
131 3006 281 3064 ‘factione
302 3006 365 3063 eius
388 3005 512 3064 iniectas
534 3021 683 3078 perpessus
703 3019 774 3062 sum.
830 3003 928 3075 Atque
950 2998 1000 3056 ubi

128 3106 274 3178 ‘primum
295 3105 338 3162 tui
358 3105 453 3178 copia,
475 3111 578 3161 vetera
598 3103 684 3159 novis
698 3109 728 3158 et
755 3101 854 3174 quieta
878 3097 1000 3174 turbidis

128 3205 338 3262 ‘antehabeo:
359 3221 454 3276 neque
474 3204 512 3259 ob
534 3202 700 3276 praemium,
727 3201 780 3257 sed
807 3205 839 3255 ut
866 3215 913 3255 me
938 3212 1000 3268 per·

22 3349 23 3352 ,
128 3302 216 3360 ‘fidia
243 3304 415 3370 exsolvam,
434 3301 519 3358 simui
533 3300 616 3372 genti
640 3299 852 3354 Germanomm
879 3293 1002 3346 idoneus

129 3399 333 3470 ‘conciliatum
348 3400 375 3458 si
395 3398 607 3474 poenitentiam
621 3409 708 3467 quam
722 3387 884 3463 perniciem
896 3382 1004 3435 matoe-

167 3517 242 3558 von.
263 3516 287 3556 r.
610 3493 627 3542 ⁵

984 3681 1045 3752 A
