2164 3846
76 191 151 258 252
405 205 589 258 euasurum
804 200 958 259 avana.

78 365 159 431 artis,
178 360 261 422 caius
280 359 457 436 apiscendae
475 363 567 420 otium
587 359 663 434 apud
685 359 833 430 Rhodum,
846 363 957 438 magis·
1044 415 1052 422 .

78 467 154 522 trum
175 457 366 536 'l'brasylium
386 461 495 527 babuit,
526 460 662 535 peritiam
691 460 756 518 eius
787 462 844 518 boc
864 462 954 520 morlo

25 574 65 632 21
80 565 226 635 expertus.
267 559 411 633 Quotiens
431 575 517 633 super
549 559 603 616 tali
622 558 743 632 negotio
762 561 954 628 consultaret,

80 662 162 720 edita
179 661 282 718 domus
302 665 383 733 parta
394 675 430 716 ac
445 657 542 716 liberti
558 656 643 714 unius
656 657 844 715 couscientia
857 661 957 716 uteba·

80 765 135 819 tur.
155 759 181 816 is
201 761 361 816 lltterarum
381 757 507 832 ignaros,
535 773 656 830 corpore
677 756 787 820 valido,
811 775 865 830 per
884 757 957 816 avita

81 875 117 920 ao
150 847 278 931 derupta
302 853 384 934 (nana
420 856 499 914 saxis
527 855 631 912 domus
664 852 802 932 inminet)
823 855 958 928 praeibat

81 975 158 1025 cum,
178 958 261 1016 cuius
288 962 380 1014 artem
410 954 538 1029 experiri
569 953 708 1011 Tiberius
740 953 902 1022 statuisset,
924 945 956 1012 e't

82 1058 305 1133 regredientem,
325 1055 351 1112 si
381 1053 521 1112 vanitatis
541 1060 590 1110 aut
610 1053 741 1110 lrauslum
761 1052 891 1126 suspicio
912 1053 958 1111 in·

82 1163 220 1222 moeret,
239 1155 270 1214 in
291 1154 453 1212 subiectum
473 1169 552 1210 mare
566 1151 788 1225 praecipitabat,
810 1169 849 1208 ne
862 1151 957 1210 index

82 1256 183 1316 arcani
202 1255 351 1314 existeret.
393 1251 486 1326 Igitur
506 1251 691 1324 Thrasyllus,
710 1249 816 1308 iisdem
836 1249 956 1323 rupibus

81 1353 228 1421 inductus,
272 1357 423 1426 postquam
457 1354 698 1424 percunctantem
741 1347 955 1418 commoverat,

83 1450 230 1528 issmmim
249 1450 315 1524 ipsi,
335 1454 365 1506 ct
383 1449 479 1507 sutura
498 1451 630 1506 sollerter
656 1447 846 1522 patefaciens,
866 1447 956 1506 iuter·

84 1555 208 1624 rogatur,
228 1555 284 1606 ‘su
305 1565 386 1606 suam
405 1565 520 1623 quoque
539 1547 699 1622 genitalem
721 1547 821 1604 boram
837 1563 956 1622 compa·

82 1647 203 1732 {maneta
223 1665 309 1723 quem
330 1653 391 1706 tum
424 1665 543 1715 annum,
568 1649 683 1722 qualem
708 1645 787 1704 diem
808 1643 956 1706 baberet?

82 1748 149 1815 Illa,
169 1749 279 1821 positus
299 1747 437 1824 siderum,
473 1763 510 1804 ao
542 1745 637 1819 spatia
658 1744 814 1814 dimensus,
836 1747 959 1804 baercre

82 1845 184 1922 primo,
204 1845 275 1904 dein
305 1861 473 1921 pavescere,
505 1849 546 1913 et,
578 1849 717 1919 quantum
736 1843 953 1917 introspiceret,

81 1945 219 2022 maginae
239 1945 470 2020 magistrepidus
486 1938 730 2002 admirationis'et
751 1948 856 2011 metus,
878 1948 956 2018 post·

84 2062 165 2104 remo
175 2048 336 2112 exclamat,
356 2044 540 2118 ‘ambiguum
566 2041 623 2099 sibi
654 2059 690 2099 ao
710 2057 799 2115 prope
820 2041 956 2101 ultimum

84 2146 259 2206 ‘discrimen
280 2140 407 2204 instare?
461 2143 542 2200 'Pom
572 2143 743 2215 complexus
764 2157 831 2198 eum
863 2141 956 2199 Tibe*-

85 2245 154 2315 rius,
172 2245 354 2320 ‘praescium
387 2241 580 2315 periculorum
601 2245 631 2298 et
664 2240 842 2297 incolomem
876 2237 956 2307 lore:

85 2351 232 2420 gestatum
263 2359 393 2420 quaeque
412 2341 541 2408 dixerat,
560 2340 672 2398 oraculi
690 2339 762 2396 vica
789 2329 953 2411 accipiens,

34 2455 75 2514 22
87 2445 162 2504 inter
178 2444 297 2503 intimos
316 2442 477 2501 amicorum
497 2443 587 2497 tenet.
629 2439 690 2496 Sed
718 2436 799 2504 mibi,
820 2438 896 2495 baec
918 2453 955 2495 ac

87 2544 157 2603 talin
177 2542 317 2610 audienti,
336 2541 368 2599 in
401 2540 514 2598 incerto
533 2535 672 2595 iudicium
691 2541 747 2604 est,
765 2535 826 2592 lato
844 2549 889 2594 ue*
909 2551 955 2593 res
1062 2545 1065 2550 ·

86 2642 249 2700 mortalium
273 2646 303 2698 et
323 2639 499 2714 necessitate
520 2634 693 2703 inmutabili,
729 2651 766 2692 an
788 2635 863 2694 loric
892 2635 954 2692 vol·

50 2790 52 2807 .
87 2747 200 2800 vantur.
221 2739 327 2814 quippe
346 2736 576 2812 sapientissimos
598 2739 737 2802 veterum,
763 2733 870 2809 quique
893 2748 955 2790 sec·

52 2872 55 2881 =
86 2845 146 2900 tam
165 2855 264 2896 eorum
285 2840 475 2902 aemulantur,
504 2836 635 2894 diversos
661 2833 804 2907 reperies3
826 2848 862 2889 ac
883 2832 954 2889 mul·

87 2939 125 2996 tis
144 2936 262 2994 insitam
276 2933 455 3008 opinionem,
476 2941 553 2992 ‘non
568 2933 653 2990 initia
668 2931 767 3001 nostri,
780 2947 839 2988 non
853 2930 952 2997 linem,

51 3057 55 3113 ².
87 3043 169 3098 ‘nou
187 3035 313 3108 denique
333 3032 465 3090 homines
486 3032 553 3090 Diis
573 3049 669 3089 curae.
689 3029 758 3087 idac
775 3028 952 3086 creberrime

54 3126 64 3197 i
86 3139 138 3189 ‘et
158 3131 251 3188 tristia
270 3131 301 3186 in
322 3130 412 3185 bonos
440 3135 470 3185 et
491 3131 567 3186 laeta
587 3130 663 3202 apud
685 3128 845 3205 damnares
865 3121 951 3184 esse?

63 3220 196 3302 ¹{Contra
213 3226 290 3312 ⁸alii,
308 3223 420 3280 ‘latum
450 3224 566 3296 quidem
596 3243 756 3298 coagmerc
777 3223 883 3293 rebus,’
905 3243 953 3299 pu·

64 3318 158 3390 itant,
178 3325 248 3381 ‘sed
262 3339 321 3380 nou
342 3337 359 3376 c
381 3322 463 3393 vagis
484 3323 586 3390 stellis,
616 3341 717 3380 verum
748 3325 825 3396 apud
847 3323 953 3396 princi·

64 3370 155 3497 i‘pia
187 3425 216 3477 et
246 3437 339 3477 uerus
367 3418 539 3478 naturalium
568 3435 756 3478 caussarum:
786 3437 822 3480 ao
853 3425 952 3486 tamen

15 3576 21 3584 .
70 3500 78 3592 l
