2166 3834
112 197 182 268 128
433 219 617 270 annuamus
830 222 860 270 a.
876 221 909 268 v.
924 225 976 270 rra.
1073 213 1074 242 ¹

108 373 228 434 lerulem
247 387 347 432 arnum
367 376 480 442 tenens,
500 387 616 448 agrem
639 373 721 441 nari,
740 373 844 432 defixit
862 378 976 445 mulos,

108 471 188 530 idem
201 471 330 530 omnium
342 472 485 546 gemitus:
506 490 600 547 neque
613 471 803 540 discerneres,
817 474 976 546 proximos,
1073 473 1074 534 l

108 571 230 640 alienos,
254 573 379 629 virorum
401 573 611 630 feminarumve
636 573 787 644 planctus:
818 573 877 630 nisi
898 573 974 647 qnod
1073 607 1074 632 ι

108 671 278 730 comitatum
295 671 483 745 Agrippinae,
504 671 591 745 longo
611 685 740 728 moerore
756 671 873 736 fessum,
888 671 975 728 ¹obuii
1073 673 1074 740 l

80 765 138 828 2et
160 778 291 829 recentes
311 771 341 828 ln
356 771 456 828 dolore
469 769 630 828 anteibant.
673 769 795 826 Miserat
808 771 880 826 duas
895 785 977 842 prae·
1073 839 1074 842 Ἴ

109 871 197 928 toriae
210 871 343 930 cohortes
358 855 475 935 caesar,
495 868 604 935 addito,
627 873 635 900 ⁴
647 873 678 924 ut
692 867 875 942 magistratus
889 868 975 926 Cala·

109 969 208 1026 ‘briae
222 969 366 1043 Apulique
380 973 410 1026 et
421 966 565 1040 Campani
579 983 711 1039 suprema
724 983 793 1039 erga
805 967 976 1024 memoriam
1073 957 1074 962 ¹

110 1068 180 1126 ‘tilii
200 1069 246 1126 sui
266 1085 384 1126 munera
408 1053 612 1142 iungerentur.’
655 1065 747 1140 Igitur
767 1065 979 1132 Tribuuorum,
1073 1087 1074 1128 ι

110 1166 375 1240 Centurionumqne
390 1165 515 1222 humeris
535 1164 650 1222 cineres
669 1166 874 1236 portabantur:
895 1181 975 1236 prae·

109 1267 255 1324 cedebant
278 1265 426 1338 incompta
448 1263 541 1337 signa,
568 1261 646 1320 versi
668 1262 779 1320 fasces:
803 1267 900 1336 atque,
923 1260 976 1320 ubi

110 1363 241 1421 colonias
274 1363 548 1435 transgrederentur,
581 1342 691 1418 atrata¹
707 1361 817 1432 plebes,
850 1359 975 1418 trabeati
1073 1419 1074 1430 χ

110 1460 241 1535 Equites,
267 1476 318 1531 pro
343 1459 446 1531 opibus
474 1459 541 1526 loci,
569 1465 692 1524 vestem,
718 1460 831 1523 odores,
859 1457 975 1533 uimque

108 1559 240 1616 lunarum
254 1555 397 1623 solennia,
416 1559 594 1614 cremabant.
615 1556 704 1612 etiam
723 1573 842 1629 qnorum
856 1557 977 1614 diversa

110 1656 225 1730 oppida,
249 1661 347 1712 tamen
373 1654 465 1722 obvii,
491 1661 522 1711 et
550 1653 685 1711 victimas
712 1658 797 1727 atque
818 1668 882 1710 aras
907 1653 976 1712 Dii.
1073 1649 1074 1664 ¹

111 1752 248 1812 Manibus
274 1757 444 1819 statuentes,
476 1751 604 1809 lacrimis
636 1757 666 1808 et
692 1751 975 1808 conclamationibus
1073 1763 1074 1816 i

110 1853 239 1910 dolorem
253 1853 440 1908 testabantur.
481 1851 592 1906 Drusus
604 1849 796 1907 'l'nrraciuam
809 1865 976 1924 progressus
1073 1833 1074 1878 ¹

110 1955 156 2008 est
169 1966 236 2008 curn
255 1949 379 2008 Oluudio
397 1947 484 2006 iratae
504 1948 658 2022 liberisque
679 1947 857 2013 Germanici,
871 1948 921 2021 qui
942 1948 976 2006 in
1073 2001 1074 2006 ,

112 2048 317 2108 urbolnerant.
358 2048 511 2116 Consules,
532 2048 574 2106 Μ.
590 2047 726 2104 Valerius
740 2052 770 2104 et
785 2047 821 2104 C.
837 2046 976 2104 Aurelian
1073 2101 1074 2112 ,

112 2144 184 2225 (iam
204 2148 282 2206 enim
303 2147 500 2221 magistratum
519 2142 727 2221 occoepereut)
746 2149 776 2202 et
798 2145 925 2202 Senatus
938 2159 976 2202 ac
1073 2145 1074 2180 ³

111 2263 217 2322 magna
238 2263 302 2320 pars
321 2245 418 2320 populi
437 2245 517 2302 viam
535 2247 730 2316 complevere,
749 2242 876 2309 disiecti,
889 2247 930 2309 et,
943 2247 977 2300 ut

112 2347 215 2420 cuique
230 2347 353 2410 libitum,
366 2344 476 2402 flentes.
491 2344 590 2400 aberat
603 2342 709 2417 quippe
723 2341 860 2407 adulatio,
874 2341 975 2415 gnaris

112 2447 254 2510 omnibns,
282 2447 387 2502 laetam
415 2441 538 2500 Tiberio
566 2439 735 2499 Germanici
751 2445 877 2496 mortem
897 2441 976 2497 male
1073 2511 1074 2514 Ἴ

84 2541 299 2603 3diesimnlariae
335 2541 472 2598 Tiberius
491 2547 577 2615 atque
599 2541 730 2613 Angusta
750 2537 868 2610 publico
888 2537 977 2594 absti-
1073 2519 1074 2598 Ῠ

111 2657 209 2704 nuere,
223 2638 341 2696 inlerins
361 2639 512 2696 maiestate
525 2655 577 2695 stra
597 2637 661 2704 rati,
680 2636 705 2693 si
724 2637 820 2709 palam
834 2636 975 2692 lamenta·

23 2771 26 2778 ,
112 2743 218 2803 motor,
231 2755 278 2802 an,
292 2753 339 2798 ne,
354 2737 484 2794 omnium
496 2736 590 2794 oculis
605 2737 718 2792 vultum
731 2749 830 2791 eorum
843 2738 976 2790 scrutan-

9 2895 10 2898 ,
111 2836 196 2901 tibus,
219 2834 285 2892 talei
306 2834 544 2908 intelligerentur.
586 2833 711 2892 Matrem
732 2830 894 2890 Antoniam
916 2849 976 2889 non

9 2953 10 2990 3
111 2935 187 3008 apud
208 2938 339 2991 auctores
359 2950 461 3000 rerum,
475 2949 533 2990 non
553 2931 655 3006 diurna
675 2936 803 2989 actorum
822 2930 976 3004 scripture,

9 3049 10 3064 ¹
113 3033 234 3104 reperio,
260 3033 320 3089 ullo
346 3031 453 3103 insigni
479 3031 575 3088 officio
601 3031 750 3098 iunctam3
784 3045 860 3096 cum,
888 3043 975 3102 super

114 3130 306 3202 Agrippinam
326 3135 356 3184 et
377 3130 501 3185 Drusum
521 3136 551 3185 et
567 3127 735 3195 Claudium,
754 3126 847 3184 ceteri
860 3141 975 3200 qnoque

111 3225 321 3298 consanguinei
341 3223 511 3280 nominatim
531 3225 681 3297 perscripti
695 3225 769 3280 sint:
794 3241 846 3280 sen
860 3225 975 3282 valetu-
1073 3235 1074 3254 ¹

112 3321 182 3378 dine
196 3320 440 3392 praepediebatur,
459 3335 510 3374 seu
525 3305 620 3376 victus
641 3323 718 3376 luctu
735 3320 848 3376 animus
863 3321 975 3395 magni·

112 3419 244 3476 tudinem
265 3416 334 3474 mali
357 3414 479 3488 perlerre
499 3415 564 3472 visu
585 3433 644 3474 non
664 3417 841 3474 toleraverit.
855 3417 975 3477 lucilius
1073 3483 1074 3486 Ἴ
