2186 3850
106 230 109 236 ·
134 237 174 286 a.
191 235 219 284 c.
235 237 273 282 ou.
341 233 425 292 mn.
442 227 519 282 xrrr.
545 223 550 233 ·
569 233 648 281 cas.
666 206 835 282 39.--41.
946 213 1019 284 379

136 389 216 448 Peri
231 389 344 446 l'ortuna
365 389 492 463 laegatus
516 395 552 448 uo*
567 390 735 447 Praefectus
760 391 803 446 usi
827 391 1019 450 sunt‘lribus·

137 505 203 563 que
217 507 275 546 una
294 489 344 546 die
365 491 494 548 castellis
517 492 700 564 expugnetis.
725 497 821 547 cetera
848 498 964 554 terrore,
988 493 1020 547 et

137 586 206 644 alia
220 594 323 660 sponte
337 588 507 654 incolamm,
519 589 549 646 in
564 590 745 646 deditionem
760 589 928 654 veniebant,
943 589 1019 646 unde

110 669 114 674 ⁵
139 695 211 746 orta
239 687 344 744 fiducia
371 695 459 762 caput
492 690 598 764 gentis,
635 691 787 755 Artaxata,
817 687 1018 758 adgrediendi.

141 785 216 844 Nec
238 792 335 844 tomen
357 787 489 859 proximo
513 787 618 843 itincre
642 789 747 845 ductne
773 787 912 860 legiones,
935 804 1020 861 quoe,

141 885 171 942 si
193 903 309 942 amnem
328 889 458 951 Araxen,
482 887 532 960 qul
556 886 671 944 moenia
695 886 796 952 adluit,
821 893 909 958 ponte
929 891 1019 942 traus-

143 986 344 1059 grederentor,
371 987 425 1041 sub
448 986 538 1042 ictum
565 987 724 1042 dabantur:
747 987 854 1057 procul,
882 990 912 1040 et
936 984 1019 1040 latio-

142 1081 226 1140 ribus
240 1084 324 1140 vadis
348 1085 497 1140 transiere.
541 1086 583 1141 At
608 1083 768 1146 Tiridates,
784 1085 891 1156 pudore
907 1089 935 1140 et
960 1101 1016 1140 rne-
1029 1079 1071 1138 40

143 1186 187 1247 tu,
204 1199 250 1246 ne,
276 1182 302 1238 si
328 1183 521 1240 concessisset
535 1183 690 1246 obsidioni,
705 1182 778 1238 nihil
804 1183 880 1254 opis.
895 1183 926 1238 in
939 1225 942 1239 .
955 1183 1018 1255 ipso

144 1281 315 1349 vider-etum
349 1281 374 1338 si
397 1281 575 1352 prohiberet,
602 1281 740 1353 inpeditis
773 1282 845 1337 locis
872 1299 960 1354 seque
988 1285 1019 1340 et

141 1373 293 1453 equestres
306 1381 406 1452 copias
428 1381 580 1453 inligaret:
600 1379 700 1436 statuit
718 1387 871 1452 postremo,
884 1382 1018 1437 ostende·

127 1473 179 1538 're
205 1480 309 1544 aciem,
323 1485 352 1535 et
366 1480 497 1536 dato'die
514 1479 653 1552 proelium
668 1479 807 1552 incipere,
832 1482 881 1536 vel
902 1481 1018 1537 simule·

140 1579 225 1638 tione
252 1578 346 1652 togae,
373 1581 468 1634 locum
491 1579 582 1634 fraudi
611 1596 720 1651 [iurare.
777 1579 869 1654 lgitur
894 1585 1017 1651 repente

144 1695 252 1753 agmen
281 1679 442 1734 Romanum
470 1677 685 1744 circumfundit,
716 1696 773 1734 nou
801 1679 904 1750 ignaro
931 1679 1038 1736 Duce⁸

145 1785 257 1844 nostro,
287 1777 336 1851 qui
368 1776 434 1832 viae
466 1776 573 1848 pariter
603 1782 633 1831 st
667 1795 781 1849 pugnae
815 1780 1018 1849 composuerat

144 1875 319 1935 exercitum.
360 1876 467 1933 Latere
488 1876 592 1931 dextro
607 1874 692 1931 tertia
714 1875 800 1946 legio,
821 1875 938 1931 sinistm
953 1892 1018 1932 sex·

143 1981 177 2033 ta
197 1955 362 2039 incedebat,
384 1975 486 2031 mediis
505 1976 730 2030 decumanorum
750 1972 898 2028 delectis:
920 1989 1018 2047 recep·

145 2079 179 2131 ta
212 2073 289 2129 inter
320 2072 437 2129 ordines
477 2073 687 2144 inpedimenta,
724 2074 754 2127 et
787 2075 900 2143 tergum
936 2072 1017 2128 mille

146 2171 260 2246 equites
288 2174 459 2228 tuebantur:
480 2173 583 2244 quibus
611 2170 741 2232 iusserat,
763 2175 813 2226 ‘ut
843 2168 1017 2226 instantibus

143 2271 300 2327 ‘cominus
320 2271 496 2336 resisterent,
518 2269 633 2342 refugos
654 2285 711 2326 nou
733 2265 940 2342 sequerentur?
981 2269 1018 2325 ln

146 2370 283 2426 cornibus
304 2370 402 2441 pedes,
425 2369 599 2442 sagittarius,
630 2373 660 2423 et
680 2375 777 2424 cetera
809 2383 910 2422 manus
940 2366 1018 2440 equi·

147 2475 209 2526 tum
238 2469 306 2537 ibat,
342 2467 524 2540 productiore
554 2482 692 2522 cornuum
723 2465 849 2532 sinistro,
880 2483 931 2538 per
960 2465 1019 2522 ima

142 2561 278 2632 collium,
298 2571 338 2632 ot,
366 2566 393 2622 si
421 2565 511 2621 lrostis
543 2564 720 2630 intravisset,
749 2565 842 2620 lronte
873 2563 957 2621 simul
989 2569 1020 2622 et

135 2661 213 2722 ‘sinn
228 2665 419 2737 exciperetur.
444 2665 599 2722 Adsoltare
611 2681 648 2721 ex
661 2665 779 2721 diverso
790 2664 948 2727 Tiridates.
960 2684 1019 2723 uon

136 2775 237 2838 arsque
252 2765 288 2820 ad
310 2759 419 2820 iactum
434 2764 494 2829 teli,
517 2765 644 2820 sedtum
668 2763 816 2830 minitans,
838 2770 897 2821 tom
918 2765 1019 2838 specie

148 2861 329 2934 trepidantis,
343 2861 368 2917 si
390 2863 488 2918 laxare
508 2862 624 2918 ordines
647 2868 678 2918 et
702 2863 832 2919 diversos
854 2862 1019 2920 consectari

146 2967 254 3036 posset.
296 2961 358 3017 Vbi
379 2961 450 3017 nihil
472 2961 636 3017 temeritate
658 2963 791 3026 solutum,
817 2979 872 3019 nec
895 2963 1019 3034 ampliss

147 3077 233 3136 quam
269 3059 399 3116 Decurio
425 3061 564 3133 equitum.
595 3061 747 3116 audentius
783 3077 947 3132 progressos
988 3063 1019 3116 et

149 3157 263 3232 sagittis
289 3147 436 3221 confixus,
466 3164 579 3214 ceteros
608 3159 645 3213 ad
678 3158 846 3230 obsequium
882 3159 1019 3227 exemplo

146 3259 322 3322 firmaverat,
348 3257 513 3331 propinquis
540 3257 599 3314 inm
625 3257 752 3311 teuelrris
781 3250 943 3312 'abscessita
979 3254 1068 3312 ΕΜ]

181 3429 324 3491 Etdolodie]
358 3429 383 3476 ld
392 3435 433 3484 ert,
459 3429 694 3482 rimodiedsto,eum
711 3425 826 3474 illuxisset.
858 3426 1020 3474 laudunum.

154 3488 245 3549 duleum
255 3493 348 3546 tenpore
356 3503 402 3536 nou
411 3489 502 3536 retscslo
512 3509 517 3532 ι
534 3489 608 3546 idest,
618 3487 703 3534 oblato.
734 3483 795 3543 Dipo.
