2166 3834
108 229 178 295 130
415 247 599 296 urrunnun
823 249 855 294 n.
870 247 904 295 v.
918 252 973 298 un.
1073 205 1074 274 3

73 396 93 452 6
104 407 112 438 ‘
123 399 267 469 lacrimas,
280 401 330 458 vel
343 400 450 458 doloris
463 397 672 459 imitamenta?
691 399 824 458 (loamm
837 400 869 458 id
881 400 973 459 Tlos

103 501 148 560 rlo
172 500 248 570 lnit;
281 505 368 574 utque
395 506 538 573 premeret
566 499 648 574 vulgi
673 515 831 568 sermones,
858 500 973 558 monuit

104 600 218 659 edicto:
238 605 247 632 ‘
260 599 368 656 Multos
381 599 544 657 inlustrium
560 599 754 658 Rornanorum
764 601 803 656 ob
814 599 970 672 Rempulrl.

104 699 246 767 ‘obiisse;
265 698 413 756 neminen
435 703 495 756 turn
519 698 652 772 flagranti
673 699 821 756 desiderio
842 701 972 757 celebra-
1073 683 1074 748 ἒ

104 803 194 856 ‘lum
216 797 302 871 idque
321 802 352 853 et
373 796 430 855 sibi
451 801 482 853 et
504 797 619 854 cunctis
643 798 800 872 egregium,
822 797 971 856 almodus

104 896 306 960 ‘adiicerelun
333 911 393 953 noo
419 893 498 952 enim
524 897 629 952 eodem
655 897 762 954 dacore
784 896 970 969 Principibus

104 995 195 1052 ‘viria
214 1000 244 1052 et
265 994 435 1068 Imperatori
459 994 580 1067 Populo,
599 1011 672 1069 quae
695 995 817 1052 modicis
837 995 970 1052 domibus

104 1099 173 1151 ‘aut
186 1093 364 1151 civitatibus.
379 1093 554 1150 convenisse
575 1093 687 1150 recenti
699 1094 792 1150 dolori
807 1095 972 1158 lucrumst

104 1200 162 1250 ‘ex
173 1209 302 1250 moerore
315 1191 436 1250 solatia:
456 1194 508 1249 sed
522 1193 704 1250 referendum
718 1192 776 1250 ianr
790 1193 919 1250 animum
933 1193 970 1250 nd

104 1291 339 1358 ‘firmitudinem
359 1297 391 1348 ut
410 1291 555 1370 quondam
577 1292 615 1348 D.
636 1292 736 1358 lulius,
756 1292 863 1348 amissa
882 1291 971 1349 unica

105 1388 190 1455 ‘urin
203 1393 235 1445 ut
251 1391 288 1445 D.
302 1391 459 1464 Angustus,
478 1389 585 1462 ereptis
606 1390 767 1462 nepotibus,
779 1390 971 1455 ubrtmseriut

105 1485 279 1542 ‘iristitiam
320 1487 373 1543 Nil
397 1504 469 1560 opus
494 1488 696 1545 vetustioribus
718 1489 882 1561 exemplis:
902 1505 972 1562 quo-

103 1583 199 1640 ‘tiens
223 1584 349 1656 Populus
371 1585 519 1644 Romanus
539 1587 639 1643 clades
659 1587 850 1652 exercituum,
870 1587 970 1643 inleri-

103 1686 183 1739 ‘lum
199 1683 323 1750 Ducum,
337 1683 464 1742 funditur
485 1685 605 1742 amissas
627 1685 740 1743 nobiles
761 1685 886 1742 familias
900 1701 970 1742 con·

105 1782 350 1840 ‘slunterlulerit
392 1783 543 1856 Principes
554 1787 698 1851 mortales,
709 1785 813 1857 liemp.
821 1789 973 1841 ueternum

102 1887 194 1938 ‘esse
219 1881 301 1952 proin
326 1887 488 1954 repeterent
513 1883 660 1940 amendia:
682 1881 730 1949 el,’
750 1883 816 1957 quia
837 1884 970 1940 ludorum

102 1979 294 2054 Megalesium
313 1983 511 2054 spectaculum
530 1983 655 2050 suberat,
680 1981 785 2040 ‘etiarn
800 1984 970 2056 voluptates

91 2077 319 2139 “resumerent’

72 2175 90 2237 7
143 2177 232 2246 Turn,
245 2183 335 2236 exulo
348 2177 468 2246 iustitio,
488 2179 612 2238 reditum
627 2181 662 2238 ad
678 2180 790 2250 moula3
811 2183 841 2236 el
856 2179 971 2236 Dmsus

102 2277 238 2355 lilyricos
259 2277 295 2336 ud
315 2278 461 2337 ererullus
481 2279 623 2348 proiectus
643 2285 698 2343 esi,
713 2279 818 2338 erectis
837 2278 970 2336 omnium

101 2380 207 2437 animis
229 2397 280 2452 spe
306 2378 448 2450 petendae
476 2393 493 2432 e
522 2373 629 2431 Pisone
654 2373 782 2441 ultionis,
809 2381 839 2432 et
863 2377 969 2434 crebro

101 2485 212 2553 questo,
232 2477 334 2551 ‘quod
346 2493 436 2550 vagus
446 2474 563 2532 interim
579 2489 764 2545 peromnem
777 2473 869 2531 Asine
879 2481 968 2550 utque

101 2575 256 2642 ‘Achaiae
269 2574 420 2647 adroganti
434 2579 464 2630 et
477 2574 597 2630 subdola
613 2565 694 2629 more
708 2574 849 2629 scelerum
865 2576 969 2645 prohn-v
1073 2593 1074 2668 p

101 2681 109 2708 ⁴
121 2673 215 2730 tiones
226 2671 426 2728 subverteret?
467 2673 543 2728 Nam
560 2674 706 2744 vulgarum
718 2676 789 2737 eret,
809 2670 969 2740 ‘missum’
1073 2669 1074 2698 ³

100 2777 132 2830 ul
145 2769 217 2837 dixi,
237 2769 341 2827 ‘on
358 2769 462 2827 Sentio
474 2771 613 2828 famosam
628 2771 780 2828 veneficiis
796 2770 969 2839 Martinam,

100 2869 212 2926 ‘subita
240 2873 331 2926 morte
366 2865 511 2926 Brundisii
544 2869 730 2935 exstinetam,
760 2885 969 2944 venenumque

98 2969 192 3026 ‘nodo
205 2965 328 3024 crinium
347 2967 410 3024 eius
430 2969 616 3034 occultatum,
638 2975 695 3026 nec'
714 2970 773 3024 ulla
793 2968 823 3023 in
838 2985 964 3040 corpore

70 3068 88 3122 8
100 3068 201 3140 ‘signa
215 3067 321 3137 sumpti
335 3066 420 3122 exitii
439 3066 569 3138 reperta!
613 3071 654 3124 At
668 3067 745 3132 Piso,
761 3067 920 3138 praemisso
934 3067 968 3125 in

100 3167 199 3220 urbem
214 3163 283 3228 lilio,
301 3165 433 3236 datisque
457 3167 607 3228 mandatis,
633 3183 682 3236 per
703 3181 776 3238 quae
797 3165 968 3238 Principem

104 3261 239 3324 molliret,
250 3261 285 3314 ad
295 3261 420 3315 Drusum
432 3261 539 3332 pergil:
560 3281 644 3334 quern
656 3264 731 3319 lruud
741 3263 834 3318 lralris
845 3264 968 3321 interitu

100 3361 219 3413 trucem.
228 3373 312 3428 quarn
327 3362 436 3410 remoto
449 3360 563 3412 aemulo
573 3361 738 3450 aequiorem
752 3361 806 3416 sibl
818 3367 968 3432 sperabat.
1073 3397 1074 3406 κ

99 3452 247 3519 Tiberius,
257 3471 312 3530 quo
320 3454 463 3526 integrum
477 3453 616 3513 iudicium
628 3463 798 3526 ostentaret,
804 3467 969 3535 exceptum
1073 3459 1074 3530 J
