<?xml version="1.0" encoding="UTF-8"?>
<!DOCTYPE html PUBLIC "-//W3C//DTD XHTML 1.0 Transitional//EN"
    "http://www.w3.org/TR/xhtml1/DTD/xhtml1-transitional.dtd">
<html xmlns="http://www.w3.org/1999/xhtml" xml:lang="en" lang="en">
 <head>
  <title>
</title>
<meta http-equiv="Content-Type" content="text/html;charset=utf-8" />
  <meta name='ocr-system' content='tesseract 3.04.00' />
  <meta name='ocr-capabilities' content='ocr_page ocr_carea ocr_par ocr_line ocrx_word'/>
</head>
<body>
  <div class='ocr_page' id='page_1' title='image "./operaexrecensio01tacigoog_0089.png"; bbox 0 0 2134 3826; ppageno 0'>
   <div class='ocr_carea' id='block_1_1' title="bbox 100 237 977 312">
    <p class='ocr_par' dir='ltr' id='par_1_1' title="bbox 100 237 977 312">
     <span class='ocr_line' id='line_1_1' title="bbox 100 237 977 312; baseline -0.001 -2"><span class='ocrx_word' id='word_1_1' title='bbox 100 237 150 310; x_wconf 82' lang='grc'><strong>46</strong></span> <span class='ocrx_word' id='word_1_2' title='bbox 824 264 856 312; x_wconf 79' lang='lat' dir='ltr'><strong>a.</strong></span> <span class='ocrx_word' id='word_1_3' title='bbox 872 260 905 310; x_wconf 79' lang='grc' dir='ltr'><strong>ν.</strong></span> <span class='ocrx_word' id='word_1_4' title='bbox 921 263 977 312; x_wconf 82' lang='lat' dir='ltr'><strong>rea.</strong></span> 
     </span>
    </p>
   </div>
   <div class='ocr_carea' id='block_1_2' title="bbox 44 412 1055 3066">
    <p class='ocr_par' dir='ltr' id='par_1_2' title="bbox 96 412 1055 1285">
     <span class='ocr_line' id='line_1_2' title="bbox 99 412 1055 493; baseline 0.001 -18"><span class='ocrx_word' id='word_1_5' title='bbox 99 415 189 475; x_wconf 80' lang='lat' dir='ltr'><strong>&#39;l&#39;noc</strong></span> <span class='ocrx_word' id='word_1_6' title='bbox 210 412 379 484; x_wconf 68' lang='lat' dir='ltr'><strong>militemd</strong></span> <span class='ocrx_word' id='word_1_7' title='bbox 401 415 525 472; x_wconf 81' lang='lat' dir='ltr'><strong>caedem</strong></span> <span class='ocrx_word' id='word_1_8' title='bbox 538 413 628 482; x_wconf 84' lang='lat' dir='ltr'><strong>missi,</strong></span> <span class='ocrx_word' id='word_1_9' title='bbox 647 412 791 493; x_wconf 81' lang='lat' dir='ltr'><strong>invenere</strong></span> <span class='ocrx_word' id='word_1_10' title='bbox 804 414 836 473; x_wconf 91' lang='lat' dir='ltr'><strong>in</strong></span> <span class='ocrx_word' id='word_1_11' title='bbox 864 416 975 489; x_wconf 82' lang='lat' dir='ltr'><strong>promi-</strong></span> <span class='ocrx_word' id='word_1_12' title='bbox 1054 419 1055 428; x_wconf 75' lang='grc'>’</span> 
     </span>
     <span class='ocr_line' id='line_1_3' title="bbox 98 513 975 590; baseline 0.001 -17"><span class='ocrx_word' id='word_1_13' title='bbox 98 515 182 574; x_wconf 89' lang='lat' dir='ltr'><strong>nenti</strong></span> <span class='ocrx_word' id='word_1_14' title='bbox 196 514 297 581; x_wconf 89' lang='lat' dir='ltr'><strong>litoris,</strong></span> <span class='ocrx_word' id='word_1_15' title='bbox 323 513 397 572; x_wconf 90' lang='lat' dir='ltr'><strong>nibil</strong></span> <span class='ocrx_word' id='word_1_16' title='bbox 421 515 531 571; x_wconf 88' lang='lat' dir='ltr'><strong>laetum</strong></span> <span class='ocrx_word' id='word_1_17' title='bbox 554 513 765 587; x_wconf 78' lang='lat' dir='ltr'>opperientem.</span> <span class='ocrx_word' id='word_1_18' title='bbox 786 533 910 590; x_wconf 88' lang='lat' dir='ltr'><strong>quorum</strong></span> <span class='ocrx_word' id='word_1_19' title='bbox 923 517 975 574; x_wconf 86' lang='lat' dir='ltr'><strong>ad·</strong></span> 
     </span>
     <span class='ocr_line' id='line_1_4' title="bbox 98 611 975 690; baseline 0 -18"><span class='ocrx_word' id='word_1_20' title='bbox 98 621 199 680; x_wconf 79' lang='lat' dir='ltr'><strong>ventu,</strong></span> <span class='ocrx_word' id='word_1_21' title='bbox 212 612 291 672; x_wconf 65' lang='lat' dir='ltr'><strong>truse</strong></span> <span class='ocrx_word' id='word_1_22' title='bbox 300 619 408 690; x_wconf 62' lang='lat' dir='ltr'><strong>turpato</strong></span> <span class='ocrx_word' id='word_1_23' title='bbox 419 613 538 688; x_wconf 83' lang='lat' dir='ltr'><strong>petivit,</strong></span> <span class='ocrx_word' id='word_1_24' title='bbox 556 619 587 671; x_wconf 86' lang='lat' dir='ltr'><strong>ut</strong></span> <span class='ocrx_word' id='word_1_25' title='bbox 596 631 729 690; x_wconf 67' lang='lat' dir='ltr'><strong>cuprum</strong></span> <span class='ocrx_word' id='word_1_26' title='bbox 740 611 877 671; x_wconf 69' lang='lat' dir='ltr'><strong>moseddo</strong></span> <span class='ocrx_word' id='word_1_27' title='bbox 889 613 975 672; x_wconf 81' lang='lat' dir='ltr'><strong>uxori</strong></span> 
     </span>
     <span class='ocr_line' id='line_1_5' title="bbox 98 711 973 791; baseline 0 -19"><span class='ocrx_word' id='word_1_28' title='bbox 98 712 239 772; x_wconf 70' lang='lat' dir='ltr'><strong>Alliariae</strong></span> <span class='ocrx_word' id='word_1_29' title='bbox 256 711 432 791; x_wconf 67' lang='lat' dir='ltr'><strong>pertineo</strong></span> <span class='ocrx_word' id='word_1_30' title='bbox 453 711 550 771; x_wconf 76' lang='lat' dir='ltr'><strong>daret:</strong></span> <span class='ocrx_word' id='word_1_31' title='bbox 569 714 775 788; x_wconf 84' lang='lat' dir='ltr'><strong>cervicemque</strong></span> <span class='ocrx_word' id='word_1_32' title='bbox 797 714 973 787; x_wconf 80' lang='lat' dir='ltr'><strong>percussori·</strong></span> 
     </span>
     <span class='ocr_line' id='line_1_6' title="bbox 98 813 972 887; baseline 0 -15"><span class='ocrx_word' id='word_1_33' title='bbox 98 814 151 872; x_wconf 90' lang='lat' dir='ltr'><strong>bos</strong></span> <span class='ocrx_word' id='word_1_34' title='bbox 164 814 279 880; x_wconf 86' lang='lat' dir='ltr'><strong>obtulit,</strong></span> <span class='ocrx_word' id='word_1_35' title='bbox 295 813 463 872; x_wconf 84' lang='lat' dir='ltr'><strong>constantia</strong></span> <span class='ocrx_word' id='word_1_36' title='bbox 489 813 590 870; x_wconf 88' lang='lat' dir='ltr'><strong>mortis</strong></span> <span class='ocrx_word' id='word_1_37' title='bbox 616 813 695 870; x_wconf 84' lang='lat' dir='ltr'><strong>baud</strong></span> <span class='ocrx_word' id='word_1_38' title='bbox 720 813 859 887; x_wconf 85' lang='lat' dir='ltr'><strong>indignus</strong></span> <span class='ocrx_word' id='word_1_39' title='bbox 888 815 972 872; x_wconf 85' lang='lat' dir='ltr'><strong>Sem·</strong></span> 
     </span>
     <span class='ocr_line' id='line_1_7' title="bbox 97 913 970 988; baseline 0.002 -18"><span class='ocrx_word' id='word_1_40' title='bbox 97 915 201 988; x_wconf 87' lang='lat' dir='ltr'><strong>prouio</strong></span> <span class='ocrx_word' id='word_1_41' title='bbox 221 913 360 984; x_wconf 87' lang='lat' dir='ltr'><strong>nomine;</strong></span> <span class='ocrx_word' id='word_1_42' title='bbox 380 914 444 972; x_wconf 81' lang='lat' dir='ltr'><strong>vita</strong></span> <span class='ocrx_word' id='word_1_43' title='bbox 465 915 705 988; x_wconf 72' lang='lat' dir='ltr'><strong>degeneraverat.</strong></span> <span class='ocrx_word' id='word_1_44' title='bbox 756 913 883 986; x_wconf 79' lang='lat' dir='ltr'><strong>Quidem</strong></span> <span class='ocrx_word' id='word_1_45' title='bbox 909 931 970 972; x_wconf 88' lang='lat' dir='ltr'><strong>uon</strong></span> 
     </span>
     <span class='ocr_line' id='line_1_8' title="bbox 97 1013 969 1086; baseline 0 -15"><span class='ocrx_word' id='word_1_46' title='bbox 97 1013 192 1071; x_wconf 81' lang='lat' dir='ltr'><strong>Roma</strong></span> <span class='ocrx_word' id='word_1_47' title='bbox 218 1031 269 1071; x_wconf 86' lang='lat' dir='ltr'><strong>eos</strong></span> <span class='ocrx_word' id='word_1_48' title='bbox 296 1013 414 1080; x_wconf 88' lang='lat' dir='ltr'><strong>milites,</strong></span> <span class='ocrx_word' id='word_1_49' title='bbox 440 1014 492 1070; x_wconf 90' lang='lat' dir='ltr'><strong>sed</strong></span> <span class='ocrx_word' id='word_1_50' title='bbox 512 1015 550 1070; x_wconf 91' lang='lat' dir='ltr'><strong>ab</strong></span> <span class='ocrx_word' id='word_1_51' title='bbox 574 1015 610 1071; x_wconf 84' lang='lat' dir='ltr'><strong>L.</strong></span> <span class='ocrx_word' id='word_1_52' title='bbox 632 1015 809 1086; x_wconf 80' lang='lat' dir='ltr'><strong>Asprenate,</strong></span> <span class='ocrx_word' id='word_1_53' title='bbox 841 1014 969 1071; x_wconf 85' lang='lat' dir='ltr'><strong>Procon-</strong></span> 
     </span>
     <span class='ocr_line' id='line_1_9' title="bbox 97 1112 969 1188; baseline 0 -18"><span class='ocrx_word' id='word_1_54' title='bbox 97 1113 160 1170; x_wconf 86' lang='lat' dir='ltr'><strong>sole</strong></span> <span class='ocrx_word' id='word_1_55' title='bbox 177 1112 305 1181; x_wconf 75' lang='lat' dir='ltr'><strong>Africae,</strong></span> <span class='ocrx_word' id='word_1_56' title='bbox 332 1113 435 1171; x_wconf 73' lang='lat' dir='ltr'><strong>mimos</strong></span> <span class='ocrx_word' id='word_1_57' title='bbox 449 1113 603 1180; x_wconf 79' lang='lat' dir='ltr'><strong>tradidere,</strong></span> <span class='ocrx_word' id='word_1_58' title='bbox 619 1120 738 1170; x_wconf 84' lang='lat' dir='ltr'><strong>auclore</strong></span> <span class='ocrx_word' id='word_1_59' title='bbox 764 1113 898 1180; x_wconf 78' lang='lat' dir='ltr'><strong>Tiberio,</strong></span> <span class='ocrx_word' id='word_1_60' title='bbox 917 1112 969 1188; x_wconf 83' lang='lat' dir='ltr'><strong>qui</strong></span> 
     </span>
     <span class='ocr_line' id='line_1_10' title="bbox 96 1211 969 1285; baseline 0 -15"><span class='ocrx_word' id='word_1_61' title='bbox 96 1212 202 1270; x_wconf 85' lang='lat' dir='ltr'><strong>lamam</strong></span> <span class='ocrx_word' id='word_1_62' title='bbox 229 1211 329 1270; x_wconf 86' lang='lat' dir='ltr'><strong>caedis</strong></span> <span class='ocrx_word' id='word_1_63' title='bbox 359 1229 443 1285; x_wconf 82' lang='lat' dir='ltr'><strong>posse</strong></span> <span class='ocrx_word' id='word_1_64' title='bbox 476 1212 508 1270; x_wconf 91' lang='lat' dir='ltr'><strong>iu</strong></span> <span class='ocrx_word' id='word_1_65' title='bbox 536 1214 733 1285; x_wconf 76' lang='lat' dir='ltr'><strong>Asprenatem</strong></span> <span class='ocrx_word' id='word_1_66' title='bbox 761 1211 838 1268; x_wconf 88' lang='lat' dir='ltr'><strong>verti</strong></span> <span class='ocrx_word' id='word_1_67' title='bbox 863 1211 969 1270; x_wconf 78' lang='lat' dir='ltr'><strong>trustra</strong></span> 
     </span>
    </p>

    <p class='ocr_par' dir='ltr' id='par_1_3' title="bbox 47 1309 974 2559">
     <span class='ocr_line' id='line_1_11' title="bbox 47 1309 969 1385; baseline 0.001 -18"><span class='ocrx_word' id='word_1_68' title='bbox 47 1309 273 1385; x_wconf 73' lang='lat' dir='ltr'><strong>bispemverst.</strong></span> <span class='ocrx_word' id='word_1_69' title='bbox 314 1313 398 1370; x_wconf 89' lang='lat' dir='ltr'><strong>ldem</strong></span> <span class='ocrx_word' id='word_1_70' title='bbox 411 1327 504 1369; x_wconf 83' lang='lat' dir='ltr'><strong>annus</strong></span> <span class='ocrx_word' id='word_1_71' title='bbox 518 1328 611 1368; x_wconf 81' lang='lat' dir='ltr'><strong>novas</strong></span> <span class='ocrx_word' id='word_1_72' title='bbox 634 1310 827 1368; x_wconf 80' lang='lat' dir='ltr'><strong>caerimonias</strong></span> <span class='ocrx_word' id='word_1_73' title='bbox 840 1311 969 1383; x_wconf 78' lang='lat' dir='ltr'><strong>accepit,</strong></span> 
     </span>
     <span class='ocr_line' id='line_1_12' title="bbox 96 1408 970 1483; baseline 0.001 -16"><span class='ocrx_word' id='word_1_74' title='bbox 96 1409 197 1468; x_wconf 89' lang='lat' dir='ltr'><strong>addito</strong></span> <span class='ocrx_word' id='word_1_75' title='bbox 207 1409 350 1467; x_wconf 76' lang='lat' dir='ltr'><strong>sodalium</strong></span> <span class='ocrx_word' id='word_1_76' title='bbox 362 1408 566 1483; x_wconf 72' lang='lat' dir='ltr'><strong>Augustalium</strong></span> <span class='ocrx_word' id='word_1_77' title='bbox 579 1409 744 1466; x_wconf 76' lang='lat' dir='ltr'><strong>sacerdotio</strong></span> <span class='ocrx_word' id='word_1_78' title='bbox 757 1428 765 1464; x_wconf 75' lang='grc' dir='ltr'><strong><em>ε</em></strong></span> <span class='ocrx_word' id='word_1_79' title='bbox 777 1414 808 1466; x_wconf 92' lang='lat' dir='ltr'><strong>ut</strong></span> <span class='ocrx_word' id='word_1_80' title='bbox 821 1410 970 1483; x_wconf 80' lang='lat' dir='ltr'><strong>quondam</strong></span> 
     </span>
     <span class='ocr_line' id='line_1_13' title="bbox 96 1507 969 1588; baseline 0 -20"><span class='ocrx_word' id='word_1_81' title='bbox 96 1507 137 1568; x_wconf 75' lang='grc' dir='ltr'><strong>Τ.</strong></span> <span class='ocrx_word' id='word_1_82' title='bbox 160 1507 267 1566; x_wconf 75' lang='lat' dir='ltr'><strong>&#39;l‘atius</strong></span> <span class='ocrx_word' id='word_1_83' title='bbox 285 1507 445 1566; x_wconf 88' lang='lat' dir='ltr'><strong>retinendis</strong></span> <span class='ocrx_word' id='word_1_84' title='bbox 471 1507 644 1566; x_wconf 85' lang='lat' dir='ltr'><strong>Sabinorum</strong></span> <span class='ocrx_word' id='word_1_85' title='bbox 657 1508 750 1566; x_wconf 75' lang='lat' dir='ltr'><strong>sncrh</strong></span> <span class='ocrx_word' id='word_1_86' title='bbox 774 1509 890 1566; x_wconf 80' lang='lat' dir='ltr'><strong>sodales</strong></span> <span class='ocrx_word' id='word_1_87' title='bbox 907 1509 969 1588; x_wconf 15' lang='lat' dir='ltr'><strong>*Ti-</strong></span> 
     </span>
     <span class='ocr_line' id='line_1_14' title="bbox 95 1606 970 1680; baseline 0.002 -14"><span class='ocrx_word' id='word_1_88' title='bbox 95 1607 153 1666; x_wconf 85' lang='lat' dir='ltr'><strong>tios</strong></span> <span class='ocrx_word' id='word_1_89' title='bbox 183 1607 357 1666; x_wconf 88' lang='lat' dir='ltr'><strong>instituerat.</strong></span> <span class='ocrx_word' id='word_1_90' title='bbox 379 1613 456 1665; x_wconf 86' lang='lat' dir='ltr'><strong>sorte</strong></span> <span class='ocrx_word' id='word_1_91' title='bbox 483 1606 565 1664; x_wconf 92' lang='lat' dir='ltr'><strong>ducti</strong></span> <span class='ocrx_word' id='word_1_92' title='bbox 592 1624 609 1664; x_wconf 88' lang='lat' dir='ltr'><strong>e</strong></span> <span class='ocrx_word' id='word_1_93' title='bbox 639 1607 810 1680; x_wconf 83' lang='lat' dir='ltr'><strong>primoribus</strong></span> <span class='ocrx_word' id='word_1_94' title='bbox 836 1607 970 1668; x_wconf 87' lang='lat' dir='ltr'><strong>civitatis</strong></span> 
     </span>
     <span class='ocr_line' id='line_1_15' title="bbox 94 1705 970 1781; baseline 0.001 -16"><span class='ocrx_word' id='word_1_95' title='bbox 94 1723 168 1766; x_wconf 89' lang='lat' dir='ltr'><strong>unus</strong></span> <span class='ocrx_word' id='word_1_96' title='bbox 182 1712 212 1764; x_wconf 93' lang='lat' dir='ltr'><strong>et</strong></span> <span class='ocrx_word' id='word_1_97' title='bbox 227 1705 354 1781; x_wconf 88' lang='lat' dir='ltr'><strong>viginti:</strong></span> <span class='ocrx_word' id='word_1_98' title='bbox 376 1705 515 1764; x_wconf 77' lang='lat' dir='ltr'><strong>Tiberius</strong></span> <span class='ocrx_word' id='word_1_99' title='bbox 536 1706 704 1780; x_wconf 85' lang='lat' dir='ltr'><strong>Drususque</strong></span> <span class='ocrx_word' id='word_1_100' title='bbox 728 1711 758 1764; x_wconf 89' lang='lat' dir='ltr'><strong>et</strong></span> <span class='ocrx_word' id='word_1_101' title='bbox 781 1707 923 1765; x_wconf 76' lang='lat' dir='ltr'><strong>Claudius</strong></span> <span class='ocrx_word' id='word_1_102' title='bbox 936 1712 970 1766; x_wconf 88' lang='lat' dir='ltr'><strong>et</strong></span> 
     </span>
     <span class='ocr_line' id='line_1_16' title="bbox 96 1804 968 1879; baseline 0.001 -15"><span class='ocrx_word' id='word_1_103' title='bbox 96 1805 290 1864; x_wconf 79' lang='lat' dir='ltr'><strong>Germanicus</strong></span> <span class='ocrx_word' id='word_1_104' title='bbox 316 1804 500 1864; x_wconf 87' lang='lat' dir='ltr'><strong>adiiciuntur.</strong></span> <span class='ocrx_word' id='word_1_105' title='bbox 553 1805 652 1862; x_wconf 89' lang='lat' dir='ltr'><strong>Ludos</strong></span> <span class='ocrx_word' id='word_1_106' title='bbox 682 1807 868 1879; x_wconf 79' lang='lat' dir='ltr'><strong>¹Augustales</strong></span> <span class='ocrx_word' id='word_1_107' title='bbox 897 1812 968 1866; x_wconf 87' lang='lat' dir='ltr'><strong>tuuc</strong></span> 
     </span>
     <span class='ocr_line' id='line_1_17' title="bbox 95 1901 967 1980; baseline 0 -16"><span class='ocrx_word' id='word_1_108' title='bbox 95 1901 218 1980; x_wconf 85' lang='lat' dir='ltr'><strong>primum</strong></span> <span class='ocrx_word' id='word_1_109' title='bbox 242 1912 363 1980; x_wconf 85' lang='lat' dir='ltr'><strong>coeptos</strong></span> <span class='ocrx_word' id='word_1_110' title='bbox 395 1903 523 1961; x_wconf 89' lang='lat' dir='ltr'><strong>turbavit</strong></span> <span class='ocrx_word' id='word_1_111' title='bbox 555 1903 711 1970; x_wconf 82' lang='lat' dir='ltr'><strong>discordis,</strong></span> <span class='ocrx_word' id='word_1_112' title='bbox 741 1921 780 1961; x_wconf 83' lang='lat' dir='ltr'><strong>ex</strong></span> <span class='ocrx_word' id='word_1_113' title='bbox 804 1905 967 1964; x_wconf 79' lang='lat' dir='ltr'><strong>certamine</strong></span> 
     </span>
     <span class='ocr_line' id='line_1_18' title="bbox 95 2001 970 2077; baseline -0.001 -14"><span class='ocrx_word' id='word_1_114' title='bbox 95 2004 276 2062; x_wconf 84' lang='lat' dir='ltr'><strong>histrionum.</strong></span> <span class='ocrx_word' id='word_1_115' title='bbox 331 2003 495 2062; x_wconf 82' lang='lat' dir='ltr'><strong>Indulserat</strong></span> <span class='ocrx_word' id='word_1_116' title='bbox 521 2001 551 2060; x_wconf 88' lang='lat' dir='ltr'><strong>ei</strong></span> <span class='ocrx_word' id='word_1_117' title='bbox 577 2002 690 2060; x_wconf 88' lang='lat' dir='ltr'><strong>ludicro&#39;</strong></span> <span class='ocrx_word' id='word_1_118' title='bbox 712 2003 869 2077; x_wconf 79' lang='lat' dir='ltr'><strong>Augustus,</strong></span> <span class='ocrx_word' id='word_1_119' title='bbox 898 2004 970 2062; x_wconf 91' lang='lat' dir='ltr'><strong>dum</strong></span> 
     </span>
     <span class='ocr_line' id='line_1_19' title="bbox 96 2100 967 2176; baseline -0.002 -14"><span class='ocrx_word' id='word_1_120' title='bbox 96 2101 267 2162; x_wconf 78' lang='lat' dir='ltr'><strong>Maecenati</strong></span> <span class='ocrx_word' id='word_1_121' title='bbox 280 2104 471 2175; x_wconf 84' lang='lat' dir='ltr'><strong>obtemperat,</strong></span> <span class='ocrx_word' id='word_1_122' title='bbox 493 2100 584 2158; x_wconf 78' lang='lat' dir='ltr'><strong>effuso</strong></span> <span class='ocrx_word' id='word_1_123' title='bbox 608 2101 638 2158; x_wconf 89' lang='lat' dir='ltr'><strong>in</strong></span> <span class='ocrx_word' id='word_1_124' title='bbox 662 2117 790 2160; x_wconf 86' lang='lat' dir='ltr'><strong>amorem</strong></span> <span class='ocrx_word' id='word_1_125' title='bbox 814 2103 967 2176; x_wconf 80' lang='lat' dir='ltr'><strong>Bathylli:</strong></span> 
     </span>
     <span class='ocr_line' id='line_1_20' title="bbox 95 2200 967 2278; baseline -0.001 -17"><span class='ocrx_word' id='word_1_126' title='bbox 95 2221 190 2278; x_wconf 86' lang='lat' dir='ltr'><strong>neque</strong></span> <span class='ocrx_word' id='word_1_127' title='bbox 203 2203 266 2277; x_wconf 86' lang='lat' dir='ltr'><strong>ipse</strong></span> <span class='ocrx_word' id='word_1_128' title='bbox 280 2203 453 2260; x_wconf 80' lang='lat' dir='ltr'><strong>abhorrebat</strong></span> <span class='ocrx_word' id='word_1_129' title='bbox 471 2200 576 2260; x_wconf 87' lang='lat' dir='ltr'><strong>talibus</strong></span> <span class='ocrx_word' id='word_1_130' title='bbox 600 2200 712 2267; x_wconf 84' lang='lat' dir='ltr'><strong>studiis,</strong></span> <span class='ocrx_word' id='word_1_131' title='bbox 726 2205 757 2258; x_wconf 88' lang='lat' dir='ltr'><strong>et</strong></span> <span class='ocrx_word' id='word_1_132' title='bbox 780 2200 871 2258; x_wconf 89' lang='lat' dir='ltr'><strong>civile</strong></span> <span class='ocrx_word' id='word_1_133' title='bbox 886 2203 967 2260; x_wconf 89' lang='lat' dir='ltr'><strong>reba·</strong></span> 
     </span>
     <span class='ocr_line' id='line_1_21' title="bbox 95 2299 967 2386; baseline 0.001 -27"><span class='ocrx_word' id='word_1_134' title='bbox 95 2305 149 2368; x_wconf 87' lang='lat' dir='ltr'><strong>tur,</strong></span> <span class='ocrx_word' id='word_1_135' title='bbox 161 2303 279 2386; x_wconf 77' lang='lat' dir='ltr'><strong>misceri</strong></span> <span class='ocrx_word' id='word_1_136' title='bbox 295 2303 493 2377; x_wconf 75' lang='lat' dir='ltr'><strong>voluptatibus</strong></span> <span class='ocrx_word' id='word_1_137' title='bbox 506 2300 596 2376; x_wconf 82' lang='lat' dir='ltr'><strong>vulgi.</strong></span> <span class='ocrx_word' id='word_1_138' title='bbox 636 2300 694 2356; x_wconf 87' lang='lat' dir='ltr'><strong>alia</strong></span> <span class='ocrx_word' id='word_1_139' title='bbox 710 2299 834 2358; x_wconf 81' lang='lat' dir='ltr'><strong>Tiberio</strong></span> <span class='ocrx_word' id='word_1_140' title='bbox 853 2317 967 2360; x_wconf 82' lang='lat' dir='ltr'><strong>morum</strong></span> 
     </span>
     <span class='ocr_line' id='line_1_22' title="bbox 94 2393 974 2476; baseline 0.002 -18"><span class='ocrx_word' id='word_1_141' title='bbox 94 2400 159 2458; x_wconf 82' lang='lat' dir='ltr'><strong>via:</strong></span> <span class='ocrx_word' id='word_1_142' title='bbox 182 2403 233 2460; x_wconf 87' lang='lat' dir='ltr'><strong>sed</strong></span> <span class='ocrx_word' id='word_1_143' title='bbox 262 2405 408 2476; x_wconf 80' lang='lat' dir='ltr'><strong>populum,</strong></span> <span class='ocrx_word' id='word_1_144' title='bbox 423 2419 474 2476; x_wconf 85' lang='lat' dir='ltr'><strong>per</strong></span> <span class='ocrx_word' id='word_1_145' title='bbox 500 2407 542 2458; x_wconf 93' lang='lat' dir='ltr'><strong>tot</strong></span> <span class='ocrx_word' id='word_1_146' title='bbox 567 2417 660 2458; x_wconf 85' lang='lat' dir='ltr'><strong>anuos</strong></span> <span class='ocrx_word' id='word_1_147' title='bbox 683 2399 810 2458; x_wconf 86' lang='lat' dir='ltr'><strong>molliter</strong></span> <span class='ocrx_word' id='word_1_148' title='bbox 823 2393 974 2470; x_wconf 36' lang='lat' dir='ltr'><strong>hobitum*</strong></span> 
     </span>
     <span class='ocr_line' id='line_1_23' title="bbox 93 2501 683 2559; baseline 0 -1"><span class='ocrx_word' id='word_1_149' title='bbox 93 2502 223 2559; x_wconf 83' lang='lat' dir='ltr'><strong>nondum</strong></span> <span class='ocrx_word' id='word_1_150' title='bbox 237 2503 364 2559; x_wconf 87' lang='lat' dir='ltr'><strong>audebat</strong></span> <span class='ocrx_word' id='word_1_151' title='bbox 377 2503 414 2558; x_wconf 82' lang='lat' dir='ltr'><strong>ed</strong></span> <span class='ocrx_word' id='word_1_152' title='bbox 431 2501 544 2558; x_wconf 86' lang='lat' dir='ltr'><strong>duriora</strong></span> <span class='ocrx_word' id='word_1_153' title='bbox 559 2506 683 2559; x_wconf 87' lang='lat' dir='ltr'><strong>vertere.</strong></span> 
     </span>
    </p>

    <p class='ocr_par' dir='ltr' id='par_1_4' title="bbox 44 2599 968 3066">
     <span class='ocr_line' id='line_1_24' title="bbox 44 2599 967 2666; baseline 0.001 -9"><span class='ocrx_word' id='word_1_154' title='bbox 44 2603 84 2662; x_wconf 78' lang='lat'><strong>55</strong></span> <span class='ocrx_word' id='word_1_155' title='bbox 135 2599 232 2658; x_wconf 90' lang='lat' dir='ltr'><strong>Druso</strong></span> <span class='ocrx_word' id='word_1_156' title='bbox 253 2599 390 2666; x_wconf 77' lang='lat' dir='ltr'><strong>(laesere,</strong></span> <span class='ocrx_word' id='word_1_157' title='bbox 405 2600 440 2658; x_wconf 81' lang='lat' dir='ltr'><strong>G.</strong></span> <span class='ocrx_word' id='word_1_158' title='bbox 455 2601 595 2657; x_wconf 80' lang='lat' dir='ltr'><strong>Norbano</strong></span> <span class='ocrx_word' id='word_1_159' title='bbox 609 2599 692 2656; x_wconf 79' lang='lat' dir='ltr'><strong>Coss.</strong></span> <span class='ocrx_word' id='word_1_160' title='bbox 711 2600 878 2658; x_wconf 85' lang='lat' dir='ltr'><strong>decernitur</strong></span> <span class='ocrx_word' id='word_1_161' title='bbox 893 2599 967 2658; x_wconf 83' lang='lat' dir='ltr'><strong>Ger·</strong></span> 
     </span>
     <span class='ocr_line' id='line_1_25' title="bbox 95 2698 968 2774; baseline 0.003 -19"><span class='ocrx_word' id='word_1_162' title='bbox 95 2699 212 2756; x_wconf 89' lang='lat' dir='ltr'><strong>manico</strong></span> <span class='ocrx_word' id='word_1_163' title='bbox 245 2698 414 2773; x_wconf 84' lang='lat' dir='ltr'><strong>triumphus,</strong></span> <span class='ocrx_word' id='word_1_164' title='bbox 449 2705 587 2756; x_wconf 87' lang='lat' dir='ltr'><strong>manente</strong></span> <span class='ocrx_word' id='word_1_165' title='bbox 616 2699 721 2768; x_wconf 82' lang='lat' dir='ltr'><strong>bello;</strong></span> <span class='ocrx_word' id='word_1_166' title='bbox 755 2700 841 2773; x_wconf 89' lang='lat' dir='ltr'><strong>quod,</strong></span> <span class='ocrx_word' id='word_1_167' title='bbox 868 2717 968 2774; x_wconf 75' lang='lat' dir='ltr'><strong>quam</strong></span> 
     </span>
     <span class='ocr_line' id='line_1_26' title="bbox 94 2789 967 2873; baseline 0.002 -19"><span class='ocrx_word' id='word_1_168' title='bbox 94 2815 180 2873; x_wconf 83' lang='lat' dir='ltr'><strong>quum</strong></span> <span class='ocrx_word' id='word_1_169' title='bbox 200 2797 231 2856; x_wconf 89' lang='lat' dir='ltr'><strong>in</strong></span> <span class='ocrx_word' id='word_1_170' title='bbox 245 2802 387 2856; x_wconf 83' lang='lat' dir='ltr'><strong>aestatem</strong></span> <span class='ocrx_word' id='word_1_171' title='bbox 407 2815 518 2856; x_wconf 83' lang='lat' dir='ltr'><strong>summa</strong></span> <span class='ocrx_word' id='word_1_172' title='bbox 540 2815 596 2870; x_wconf 88' lang='lat' dir='ltr'><strong>ope</strong></span> <span class='ocrx_word' id='word_1_173' title='bbox 620 2799 748 2871; x_wconf 81' lang='lat' dir='ltr'><strong>parabat,</strong></span> <span class='ocrx_word' id='word_1_174' title='bbox 772 2797 859 2856; x_wconf 86' lang='lat' dir='ltr'><strong>initio</strong></span> <span class='ocrx_word' id='word_1_175' title='bbox 886 2789 967 2856; x_wconf 83' lang='lat' dir='ltr'><strong>veris</strong></span> 
     </span>
     <span class='ocr_line' id='line_1_27' title="bbox 94 2898 965 2974; baseline 0.005 -20"><span class='ocrx_word' id='word_1_176' title='bbox 94 2904 124 2954; x_wconf 89' lang='lat' dir='ltr'><strong>et</strong></span> <span class='ocrx_word' id='word_1_177' title='bbox 146 2898 300 2970; x_wconf 86' lang='lat' dir='ltr'><strong>repentino</strong></span> <span class='ocrx_word' id='word_1_178' title='bbox 319 2898 349 2956; x_wconf 90' lang='lat' dir='ltr'><strong>in</strong></span> <span class='ocrx_word' id='word_1_179' title='bbox 371 2900 473 2958; x_wconf 73' lang='lat' dir='ltr'><strong>cattos</strong></span> <span class='ocrx_word' id='word_1_180' title='bbox 488 2917 613 2958; x_wconf 83' lang='lat' dir='ltr'><strong>excursu</strong></span> <span class='ocrx_word' id='word_1_181' title='bbox 629 2898 787 2974; x_wconf 82' lang='lat' dir='ltr'><strong>praecepit.</strong></span> <span class='ocrx_word' id='word_1_182' title='bbox 808 2915 875 2956; x_wconf 85' lang='lat' dir='ltr'><strong>uam</strong></span> <span class='ocrx_word' id='word_1_183' title='bbox 897 2917 965 2973; x_wconf 80' lang='lat' dir='ltr'><strong>spes</strong></span> 
     </span>
     <span class='ocr_line' id='line_1_28' title="bbox 93 2996 967 3066; baseline 0.005 -12"><span class='ocrx_word' id='word_1_184' title='bbox 93 2996 263 3066; x_wconf 83' lang='lat' dir='ltr'><strong>incesserat,</strong></span> <span class='ocrx_word' id='word_1_185' title='bbox 289 2999 431 3056; x_wconf 86' lang='lat' dir='ltr'><strong>dissidere</strong></span> <span class='ocrx_word' id='word_1_186' title='bbox 459 2999 573 3057; x_wconf 89' lang='lat' dir='ltr'><strong>hostem</strong></span> <span class='ocrx_word' id='word_1_187' title='bbox 601 2999 633 3056; x_wconf 92' lang='lat' dir='ltr'><strong>iu</strong></span> <span class='ocrx_word' id='word_1_188' title='bbox 654 2999 820 3058; x_wconf 83' lang='lat' dir='ltr'><strong>Arminium</strong></span> <span class='ocrx_word' id='word_1_189' title='bbox 854 3015 891 3056; x_wconf 85' lang='lat' dir='ltr'><strong>ac</strong></span> <span class='ocrx_word' id='word_1_190' title='bbox 914 3000 967 3058; x_wconf 85' lang='lat' dir='ltr'><strong>Sc·</strong></span> 
     </span>
    </p>
   </div>
   <div class='ocr_carea' id='block_1_3' title="bbox 93 3188 1055 3546">
    <p class='ocr_par' dir='ltr' id='par_1_5' title="bbox 93 3188 1055 3546">
     <span class='ocr_line' id='line_1_29' title="bbox 121 3188 970 3298; baseline 0.009 -62"><span class='ocrx_word' id='word_1_191' title='bbox 121 3188 412 3263; x_wconf 34' lang='lat' dir='ltr'><strong>idolium-&#39;sorerdrtinj</strong></span> <span class='ocrx_word' id='word_1_192' title='bbox 440 3193 515 3298; x_wconf 62' lang='lat' dir='ltr'><strong>¹ldssue</strong></span> <span class='ocrx_word' id='word_1_193' title='bbox 523 3194 648 3255; x_wconf 78' lang='lat' dir='ltr'><strong>exemplum</strong></span> <span class='ocrx_word' id='word_1_194' title='bbox 656 3194 854 3298; x_wconf 51' lang='lat' dir='ltr'><strong>flecuitdeiuceps</strong></span> <span class='ocrx_word' id='word_1_195' title='bbox 862 3194 886 3240; x_wconf 88' lang='lat' dir='ltr'><strong>in</strong></span> <span class='ocrx_word' id='word_1_196' title='bbox 895 3196 970 3244; x_wconf 89' lang='lat' dir='ltr'><strong>omoi-</strong></span> 
     </span>
     <span class='ocr_line' id='line_1_30' title="bbox 93 3248 967 3314; baseline 0.005 -16"><span class='ocrx_word' id='word_1_197' title='bbox 93 3248 133 3298; x_wconf 83' lang='lat' dir='ltr'><strong>bus</strong></span> <span class='ocrx_word' id='word_1_198' title='bbox 152 3249 333 3310; x_wconf 75' lang='lat' dir='ltr'><strong>imperatoribus,</strong></span> <span class='ocrx_word' id='word_1_199' title='bbox 345 3267 382 3312; x_wconf 85' lang='lat' dir='ltr'><strong>qur</strong></span> <span class='ocrx_word' id='word_1_200' title='bbox 391 3251 446 3297; x_wconf 85' lang='lat' dir='ltr'><strong>iactr</strong></span> <span class='ocrx_word' id='word_1_201' title='bbox 487 3252 524 3297; x_wconf 86' lang='lat' dir='ltr'><strong>ivi.</strong></span> <span class='ocrx_word' id='word_1_202' title='bbox 558 3255 593 3300; x_wconf 78' lang='lat' dir='ltr'><strong>ltu</strong></span> <span class='ocrx_word' id='word_1_203' title='bbox 603 3255 690 3299; x_wconf 82' lang='lat' dir='ltr'><strong>sodaes</strong></span> <span class='ocrx_word' id='word_1_204' title='bbox 706 3253 788 3308; x_wconf 78' lang='lat' dir='ltr'><strong>Flavii,</strong></span> <span class='ocrx_word' id='word_1_205' title='bbox 806 3253 967 3314; x_wconf 65' lang='lat' dir='ltr'><strong>Hadrianeia,</strong></span> 
     </span>
     <span class='ocr_line' id='line_1_31' title="bbox 93 3307 1055 3374; baseline 0.009 -20"><span class='ocrx_word' id='word_1_206' title='bbox 93 3307 193 3365; x_wconf 72' lang='lat' dir='ltr'><strong>Aeliani,</strong></span> <span class='ocrx_word' id='word_1_207' title='bbox 215 3309 331 3367; x_wconf 83' lang='lat' dir='ltr'><strong>Antonini,</strong></span> <span class='ocrx_word' id='word_1_208' title='bbox 353 3309 433 3371; x_wconf 84' lang='lat' dir='ltr'><strong>possim</strong></span> <span class='ocrx_word' id='word_1_209' title='bbox 453 3309 476 3356; x_wconf 88' lang='lat' dir='ltr'><strong>iu</strong></span> <span class='ocrx_word' id='word_1_210' title='bbox 496 3311 589 3358; x_wconf 81' lang='lat' dir='ltr'><strong>historia</strong></span> <span class='ocrx_word' id='word_1_211' title='bbox 608 3313 733 3360; x_wconf 86' lang='lat' dir='ltr'><strong>memorali.</strong></span> <span class='ocrx_word' id='word_1_212' title='bbox 776 3313 844 3374; x_wconf 76' lang='lat' dir='ltr'><strong>Inpia</strong></span> <span class='ocrx_word' id='word_1_213' title='bbox 861 3317 965 3374; x_wconf 80' lang='lat' dir='ltr'><strong>priscus:</strong></span> <span class='ocrx_word' id='word_1_214' title='bbox 1054 3319 1055 3338; x_wconf 65' lang='lat'>¹</span> 
     </span>
     <span class='ocr_line' id='line_1_32' title="bbox 94 3379 969 3421; baseline 0.01 -9"><span class='ocrx_word' id='word_1_215' title='bbox 94 3379 188 3414; x_wconf 75' lang='lat' dir='ltr'><strong>ursoni.</strong></span> <span class='ocrx_word' id='word_1_216' title='bbox 215 3383 321 3416; x_wconf 71' lang='lat' dir='ltr'><strong>cassim.</strong></span> <span class='ocrx_word' id='word_1_217' title='bbox 349 3383 490 3416; x_wconf 78' lang='lat' dir='ltr'><strong>osunlrucr.</strong></span> <span class='ocrx_word' id='word_1_218' title='bbox 515 3385 535 3418; x_wconf 86' lang='lat' dir='ltr'><strong>r.</strong></span> <span class='ocrx_word' id='word_1_219' title='bbox 558 3386 592 3418; x_wconf 83' lang='lat' dir='ltr'><strong>rr.</strong></span> <span class='ocrx_word' id='word_1_220' title='bbox 621 3385 728 3418; x_wconf 76' lang='lat' dir='ltr'><strong>averem.</strong></span> <span class='ocrx_word' id='word_1_221' title='bbox 754 3389 776 3418; x_wconf 82' lang='lat' dir='ltr'><strong>u.</strong></span> <span class='ocrx_word' id='word_1_222' title='bbox 799 3388 860 3420; x_wconf 83' lang='lat' dir='ltr'><strong>uun.</strong></span> <span class='ocrx_word' id='word_1_223' title='bbox 885 3388 969 3421; x_wconf 78' lang='lat' dir='ltr'><strong>avovs.</strong></span> 
     </span>
     <span class='ocr_line' id='line_1_33' title="bbox 95 3437 1055 3490; baseline 0.01 -20"><span class='ocrx_word' id='word_1_224' title='bbox 95 3437 161 3470; x_wconf 80' lang='lat' dir='ltr'><strong>rsou.</strong></span> <span class='ocrx_word' id='word_1_225' title='bbox 188 3441 258 3474; x_wconf 84' lang='lat' dir='ltr'><strong>rssu.</strong></span> <span class='ocrx_word' id='word_1_226' title='bbox 281 3441 419 3475; x_wconf 81' lang='lat' dir='ltr'><strong>svovsrsu.</strong></span> <span class='ocrx_word' id='word_1_227' title='bbox 438 3443 529 3476; x_wconf 80' lang='lat' dir='ltr'><strong>aonssr.</strong></span> <span class='ocrx_word' id='word_1_228' title='bbox 551 3443 692 3478; x_wconf 76' lang='lat' dir='ltr'><strong>suaviust.</strong></span> <span class='ocrx_word' id='word_1_229' title='bbox 715 3445 737 3486; x_wconf 81' lang='lat' dir='ltr'><strong>o.</strong></span> <span class='ocrx_word' id='word_1_230' title='bbox 754 3446 776 3490; x_wconf 75' lang='grc' dir='ltr'><strong>ρ.</strong></span> <span class='ocrx_word' id='word_1_231' title='bbox 795 3446 921 3479; x_wconf 71' lang='lat' dir='ltr'><strong>sovrsrvs.</strong></span> <span class='ocrx_word' id='word_1_232' title='bbox 940 3447 966 3486; x_wconf 83' lang='lat' dir='ltr'><strong>o.</strong></span> <span class='ocrx_word' id='word_1_233' title='bbox 1054 3451 1055 3458; x_wconf 53' lang='lat'>¹</span> 
     </span>
     <span class='ocr_line' id='line_1_34' title="bbox 95 3485 327 3546; baseline 0.03 -18"><span class='ocrx_word' id='word_1_234' title='bbox 95 3495 233 3535; x_wconf 68' lang='lat' dir='ltr'><strong>asinus.</strong></span> <span class='ocrx_word' id='word_1_235' title='bbox 264 3485 327 3546; x_wconf 68' lang='lat' dir='ltr'><strong>laps.</strong></span> 
     </span>
    </p>
   </div>
   <div class='ocr_carea' id='block_1_4' title="bbox 0 0 1072 3826">
    <p class='ocr_par' dir='ltr' id='par_1_6' title="bbox 0 0 1072 3826">
     <span class='ocr_line' id='line_1_35' title="bbox 0 0 1072 3826; baseline 0 1"><span class='ocrx_word' id='word_1_236' title='bbox 0 0 1072 3826; x_wconf 95' lang='lat' dir='ltr'><strong> </strong></span> 
     </span>
    </p>
   </div>
  </div>
 </body>
</html>
