2134 3826
114 207 143 256 a.
159 210 187 260 c.
207 213 242 258 ιι.
302 208 373 256 nvn.
391 210 413 256 1.
467 187 778 256 csn.30.31.32.
942 189 987 256 31

114 367 152 423 ab
173 364 467 423 unaetvicesimanis.
490 367 694 440 quintanisque
715 365 811 434 initio,
835 368 866 423 et
890 365 991 424 tractis

114 466 205 540 prima
231 483 347 539 qunque
369 482 406 522 ac
432 464 572 522 vicesima
597 465 768 540 legionibus.
797 483 864 522 nam
887 465 991 522 iisdem

115 566 238 623 aestivis
252 565 284 622 in
299 565 406 622 finibus
421 564 564 622 Vbiorum
578 566 759 622 habebantur
774 583 825 638 per
838 566 928 622 otium
942 568 992 622 sut

116 667 195 724 levia
219 664 333 723 munia.
377 664 478 736 lgitur,
493 664 591 722 audito
605 665 662 722 tiue
676 665 811 740 Augusti,
835 666 993 721 vernacula

117 765 275 822 multitudo
288 781 382 838 nuper
395 769 463 820 anto
477 764 508 820 in
523 766 591 822 urbe
605 766 731 832 detentu,
747 763 887 822 lasciviae
902 769 993 832 saeta,

117 865 248 922 laborum
274 863 446 929 intolerans,
466 863 617 935 impellere
630 872 802 922 ‘ceterorum
827 866 911 922 rudes
933 862 994 920 rini-

118 981 196 1022 mos:
218 971 227 996 ‘
240 963 372 1019 Venisse
388 970 508 1035 tempus,
522 980 578 1037 quo
589 963 720 1020 veterani
732 970 870 1020 maturam
883 963 993 1020 missio·

119 1069 216 1130 ‘nem,
230 1061 358 1118 iuvenes
374 1053 496 1136 largiora
510 1063 665 1134 stipendia,
687 1063 787 1120 cuncti
808 1065 924 1120 modum
943 1061 994 1120 mi·

120 1164 282 1220 ‘seriarum
315 1167 519 1234 exposcerent,
545 1161 758 1236 saevitiamque
791 1162 995 1219 centurionum

118 1258 370 1321 ‘ulciscerenturs’
415 1261 482 1316 Non
497 1277 569 1317 unus
584 1262 669 1326 haec,
679 1267 710 1317 ut
723 1260 995 1320 Pannonicasinter

119 1362 261 1435 legiones,
274 1357 466 1424 Percennius,
476 1377 531 1416 neo
546 1361 620 1432 apud
632 1359 758 1432 trepidas
769 1360 995 1428 militumanres,

120 1461 193 1518 alins
219 1459 551 1518 validiores.exeroitus
575 1459 802 1532 respicientium,
826 1461 877 1516 sed
903 1461 995 1518 multe

119 1559 277 1617 seditionis
291 1577 343 1616 ora
354 1543 517 1633 vocesque:
540 1565 607 1616 ‘sua
619 1559 650 1615 in
662 1576 748 1616 manu
762 1561 847 1618 sitnm
863 1577 923 1616 rens
938 1559 996 1618 Ro·

119 1677 254 1728 manam3
275 1659 337 1714 suis
353 1657 483 1714 victoriis
498 1657 598 1732 augeri
610 1675 671 1714 rem
686 1659 845 1730 plublicam3
867 1659 898 1716 in
912 1675 995 1716 suum

118 1762 368 1832 ‘cognomentum
391 1756 516 1814 adscisci
529 1809 531 1812 .
543 1755 754 1830 Imperatores?
795 1758 861 1816 Nec
882 1761 994 1833 legatus
1005 1753 1047 1814 32

118 1859 242 1916 obviam
255 1856 336 1913 ibat:
366 1855 472 1929 quippe
500 1855 623 1928 plurium
638 1857 775 1914 vecordia
798 1857 995 1918 constantiam

120 1962 284 2016 exemerat.
305 1961 426 2027 repente
441 1954 585 2028 lymphati
598 1955 744 2013 destrictis
764 1958 868 2031 gladiis
883 1957 913 2014 in
927 1974 996 2016 cen·

121 2059 253 2116 turinnes
266 2054 421 2120 invadunt,
435 2049 483 2130 (ea
508 2056 705 2128 vetustissima
730 2056 901 2114 militaribus
920 2057 996 2114 odiis

123 2157 270 2222 materies,
285 2160 315 2210 et
336 2153 490 2210 saeviendi
512 2149 712 2231 principium)
725 2161 881 2228 prostratos
897 2157 996 2212 verbe-

121 2259 201 2315 ribus
216 2257 358 2319 mulcant,
382 2253 521 2326 sexageni
536 2253 675 2326 singulos,
689 2259 719 2310 ut
735 2269 883 2310 annerum
898 2260 996 2312 centu·

121 2357 238 2414 tionum
253 2353 461 2426 adaequarent.
502 2353 582 2410 Tum
594 2353 751 2410 convulsos
766 2350 946 2426 laniatosque
966 2357 997 2410 et

123 2455 230 2529 partim
242 2451 397 2510 exanimos
409 2457 477 2508 ante
493 2453 601 2508 valliam
616 2455 665 2508 aut
685 2449 716 2507 in
731 2467 847 2508 amnem
862 2450 998 2510 Rhenum

123 2553 294 2628 proliciunt.
338 2549 496 2623 Septimius
516 2567 583 2607 cuns
608 2548 777 2625 perfugisset
800 2550 836 2606 ad
862 2551 998 2620 tribunal,

123 2653 305 2728 pedibusque
320 2648 469 2708 Caecinae
483 2649 697 2717 advolveretur,
710 2667 746 2706 eo
757 2667 845 2724 usque
854 2651 998 2726 flagitatus

156 2829 192 2874 At
203 2824 412 2886 undevicesimum]
429 2825 453 2872 ln
464 2823 700 2879 Germanininieriori,
718 2825 760 2872 hac
768 2829 844 2872 aetate
854 2826 935 2887 ubique
945 2841 997 2872 xxi.

105 2893 108 2900 ⁴
126 2887 239 2944 legionem
251 2885 348 2946 repen'o,
359 2899 403 2930 non
413 2899 464 2931 xix.
497 2885 575 2943 ltaque
586 2883 622 2930 hic
631 2885 756 2945 elsaepius,
767 2899 857 2946 repone,
872 2883 999 2931 Vnnetniee·

126 2947 228 2994 simonis.
261 2945 326 2995 Quane
336 2959 379 2989 vox
389 2943 495 2990 remotior
505 2943 534 2988 ab
547 2957 585 2989 usu
606 2943 674 2990 hodie
687 2945 793 3004 imposuit
809 2945 940 3005 scriptorum
951 2945 999 2988 vnl-

126 3021 163 3062 go.
198 3004 251 3059 Adi,
272 3005 289 3049 si
308 3003 391 3064 placet,
409 3004 438 3049 ad
454 3003 482 3049 Η.
503 3005 522 3058 l,
537 3005 573 3048 til.
589 3002 672 3048 Notas.
702 3003 763 3059 laps.
797 3003 895 3049 lichena
915 3017 928 3048 e
945 3003 997 3048 MS.

126 3071 198 3119 recle,
208 3063 269 3123 quud
278 3063 403 3109 coniecerat
413 3063 508 3123 Lipsius,
519 3061 625 3122 reposuit,
635 3064 793 3122 firmamnlque
800 3063 879 3117 ceteri,
889 3061 930 3106 nisi
940 3061 1000 3118 quod

128 3125 240 3170 dedemot
258 3123 325 3180 vulgo
340 3121 436 3168 uncinis.
452 3121 538 3166 extrita
555 3121 631 3166 littera
641 3134 735 3180 eaquae
753 3135 797 3165 uua
817 3120 1001 3164 mendosos-tasse

126 3195 205 3229 caussa
219 3182 299 3227 suerat.
332 3180 460 3241 Lipsianam
470 3179 602 3238 scripturam
613 3179 694 3224 merito
703 3179 802 3237 praefert
811 3177 885 3232 Broc,
901 3175 970 3220 etism
980 3187 1000 3216 e.

128 3247 163 3290 45.
175 3239 367 3288 unuetnicerimuc.
398 3239 452 3286 Vid.
463 3239 492 3284 ad
503 3239 534 3284 ll.
545 3241 568 3294 t,
578 3239 613 3284 78.

156 3319 270 3378 Senngcni
279 3316 389 3376 singulas]
423 3317 447 3363 ln
459 3315 546 3374 legione
561 3314 635 3374 plena,
651 3312 765 3370 sexaginta
782 3306 929 3376 cerrtqriones.
964 3302 1004 3347 Di·

126 3380 219 3450 ⁰¹2l⁷⁸t⁰³
235 3377 313 3426 Haste·
328 3381 352 3436 9,
369 3379 403 3425 ro.
422 3379 447 3426 et
465 3374 587 3434 vegetius:
603 3385 646 3431 ego
665 3371 732 3431 plene
749 3369 773 3414 in
790 3365 881 3414 Militia
899 3363 922 3415 2,
938 3357 1004 3403 5-8.

127 3439 191 3498 nvn.
