2134 3826
57 169 103 234 30
383 189 569 246 annnnrvn
672 216 698 236 «ι
784 196 859 246 av.
875 199 929 246 rar.

56 344 192 400 naculum
211 343 294 402 ducis
318 348 453 406 obrutos:
474 350 536 416 alii,
560 367 681 425 corpora
708 355 791 408 extra
816 353 929 408 vallum

14 439 44 497 30
56 441 170 500 abiecta
183 445 319 503 ostentui.
361 448 451 518 Tum,
465 457 495 506 ut
511 448 630 524 quisque
650 451 819 524 praecipuus
834 452 930 508 turba·

56 547 109 607 lor,
137 545 313 618 conquisiti:
345 553 375 604 et
405 547 479 621 pars,
508 556 591 606 extra
615 557 709 607 castra
738 553 879 623 putantes,
911 567 931 606 a

57 645 276 702 centurionibus
300 652 349 704 aut
374 647 579 719 praetoriarum
600 649 762 706 cohortium
788 649 931 706 militibus

58 743 153 798 caesi:
186 746 324 820 quosdam
351 747 407 819 ipsi
435 747 585 819 manipuli,
614 749 820 806 documentum
851 748 932 816 lidei,

59 842 212 900 tradidere.
256 848 386 902 Auxerat
401 846 524 902 militum
535 864 619 903 curas
634 855 813 920 praematura
827 847 931 912 biems,

59 940 198 1000 imbribus
225 944 382 1010 continuis,
408 947 538 1019 adeoque
563 947 670 1016 saevis,
695 953 806 1004 utnon
830 946 933 1020 egredi

60 1041 195 1108 tentoria,
213 1044 384 1118 congregari
398 1043 474 1102 inter
499 1063 540 1112 se,
569 1045 621 1102 vix
650 1045 737 1102 tutari
764 1047 847 1119 signa
868 1063 933 1118 pos·

24 1163 26 1170 ·
60 1146 136 1205 sent,
148 1159 221 1215 quae
243 1143 357 1200 turbine
379 1149 466 1218 atque
494 1145 570 1202 unda
593 1146 787 1217 raptabantur.
810 1147 934 1202 durabat

60 1245 91 1296 ct
105 1239 226 1298 formido
237 1243 373 1300 coelestis
387 1243 456 1310 irae,
471 1250 478 1276 ⁸
491 1261 546 1300 nec
560 1243 662 1300 trustra
676 1244 815 1302 adversus
825 1243 933 1316 impios

62 1339 243 1398 ‘hebescere
284 1341 388 1408 sidera,
416 1360 498 1399 ruere
528 1348 737 1417 tempestates:
767 1361 825 1400 non
853 1343 935 1400 aliud

62 1441 224 1498 ‘malorum
252 1443 460 1509 levamentum,
484 1459 579 1514 qnam,
604 1443 630 1500 si
658 1442 820 1516 linquerent
835 1447 932 1500 castra

64 1541 205 1600 ‘inlausta
234 1549 439 1618 temerataque,
461 1554 490 1603 et
518 1547 606 1604 soluti
627 1547 751 1620 piaculo,
772 1547 831 1604 suls
857 1547 935 1622 quis·

62 1647 138 1716 ‘que
164 1642 292 1700 hibernis
317 1643 525 1702 redderentur!
553 1646 683 1704 Primum
710 1652 827 1714 octava,
864 1647 936 1704 dein

63 1741 284 1814 quintadecuma
315 1743 392 1818 legio
406 1746 526 1802 rediere.
577 1746 729 1812 Nouanus,
753 1745 932 1822 appaream

65 1837 175 1896 'liberis'
200 1839 339 1918 epistolas,
363 1844 577 1910 clamitaverat,
605 1863 672 1902 mox
698 1846 846 1902 desolatus
861 1848 933 1903 alio-

64 1957 125 1996 rum
151 1941 330 1999 discessione
355 1943 557 2000 imminentem
586 1944 792 2002 necessitatem
825 1951 931 2018 sponte

64 2042 224 2112 {suaevenit
260 2046 291 2098 et
328 2043 449 2109 Drusus,
476 2059 535 2100 non
573 2049 731 2115 expectato
771 2046 932 2118 legatorum

64 2157 203 2212 regressu,
217 2141 283 2216 qula
298 2141 462 2216 praeseutia
476 2135 547 2199 satis
559 2143 764 2211 consederant,
786 2143 818 2200 in
833 2145 933 2201 urbem

63 2239 159 2298 rediit.
265 2247 270 2260 '

14 2361 49 2418 31
104 2339 212 2398 lisdem
237 2340 326 2400 terme
345 2340 456 2409 diebus,
475 2339 579 2398 iisdem
602 2339 711 2398 caussis
736 2338 932 2398 Germanicae

64 2437 198 2513 legiones
223 2443 362 2508 turbatae,
391 2445 500 2514 quanto
521 2442 626 2514 plures,
648 2433 730 2496 tanto
756 2438 933 2504 violentius:

66 2543 95 2593 et
110 2555 215 2610 magna
239 2557 299 2610 spe,
315 2540 374 2595 lore
389 2545 420 2596 ul
435 2539 628 2596 Germanicus
650 2539 760 2596 Caesar
780 2537 938 2610 imperium.

66 2637 184 2694 alterius
209 2637 269 2710 pati
291 2637 431 2712 nequiret,
446 2640 583 2712 daretque
602 2656 634 2694 se
649 2637 821 2712 legionibus,
836 2635 867 2692 vi
881 2654 935 2695 sua

66 2743 173 2793 cuncta
201 2737 344 2794 tractaris.
387 2737 455 2794 Duo
479 2739 554 2810 arrud
570 2737 660 2811 ripam
675 2737 773 2793 Rheni
787 2737 934 2793 exereitus

65 2841 156 2892 erant.
168 2837 216 2894 cui
239 2835 343 2893 nomen
358 2837 506 2911 superiori,
519 2839 572 2894 sub
587 2837 622 2893 0.
639 2835 714 2892 Silio
728 2837 842 2910 legat03
863 2835 935 2892 inle-

66 2935 170 2992 rictam
193 2937 232 2992 Λ.
255 2935 386 2993 Caecina
410 2939 538 2992 curabat.
580 2935 723 3008 Regimen
745 2951 875 2990 summae
890 2933 939 3018 rei

66 3052 156 3105 penes
180 3034 396 3103 Germanicum,
421 3035 535 3108 agendo
560 3033 846 3092 Galliarum-censui
871 3041 933 3092 tum

64 3135 220 3191 intentum.
263 3135 322 3191 Sed
349 3133 451 3208 quibus
481 3132 569 3190 Silius
596 3133 805 3198 moderabatur,
833 3139 932 3190 mente
981 3121 988 3136 ⁸

66 3235 200 3308 ambigua
221 3234 363 3292 fortunam
384 3232 536 3290 seditionis
553 3231 671 3288 alienae
691 3233 930 3304 speculabantur:

65 3335 208 3396 interioris
223 3333 371 3396 exercitus
386 3331 469 3394 miles
483 3329 513 3390 in
529 3331 794 3406 ralrlemprolapsus
806 3335 934 3400 est,orto
