2166 3834
129 245 164 294 a.
178 243 260 294 cun.
369 244 510 296 marn.
552 227 819 298 cn.7u.-7a
931 229 1000 302 ΠΙ

125 398 200 458 dero
226 411 292 456 esso
326 401 402 473 apud
431 401 566 470 Antium,
599 419 673 478 quae
703 403 747 462 sie
780 407 1007 478 nuncuparetur,

129 502 331 573 ‘namtasque
357 499 551 560 caerimonias
577 502 691 562 Italicis
719 501 752 560 ia
782 503 907 576 oppidis,
935 508 1004 560 tenr-

129 597 270 670 ‘plaoue
285 603 316 655 et
342 599 513 660 Nominum.
529 600 651 676 effigies,
677 600 748 662 iuris
776 607 862 676 atque
890 601 1005 675 imperii

130 695 281 757 ‘Romam
308 695 394 756 esse!
411 697 456 756 ite
478 700 585 758 donum
609 701 685 773 apud
711 700 835 760 Aulium
859 699 1003 758 statuitur.

130 791 183 861 Et,
202 795 319 870 quando
337 797 375 854 de
397 796 585 872 religionibus
610 800 796 868 tractabatur,
817 799 939 856 ditatum
955 815 1005 856 uu·

130 909 186 966 per
217 911 387 967 responsum
414 897 553 954 adversus
589 897 726 956 Servium
760 897 1008 972 Maluginensem,

133 989 302 1051 Flumineus
336 981 466 1062 Dialem,
492 994 633 1068 prompsit
667 996 787 1062 Caesar,
813 995 1005 1070 recitavitque

132 1090 283 1150 decretum
310 1092 506 1152 Pontibeum:
534 1095 689 1170 ‘quotiens
720 1096 859 1152 valetudo
883 1095 1008 1152 adversa

133 1189 321 1250 ‘illuminem
336 1190 455 1250 Dialem
469 1192 649 1260 incessisset,
669 1197 710 1261 nt,
733 1192 884 1252 Pontibois
910 1191 1006 1250 Maxi·

132 1288 192 1344 ‘mi
220 1288 349 1357 arbitrio,
371 1293 522 1366 plusquam
542 1291 704 1350 binoctium
724 1293 856 1350 abesset:
878 1292 946 1350 durn
969 1308 1007 1346 ne

130 1387 255 1446 ‘diebus
288 1388 403 1461 publici·
424 1390 573 1458 muribnii,
606 1407 664 1450 neu
690 1391 808 1464 saepius
841 1407 926 1466 quum
960 1391 1009 1448 bis

124 1487 280 1546 “eundem
292 1486 325 1544 in
348 1487 478 1548 annum?
517 1490 612 1562 Quae,
633 1489 773 1564 Principe
790 1491 923 1565 Augusto
936 1507 1005 1548 oon·

128 1585 241 1654 stituta,
274 1585 346 1644 satis
377 1588 582 1656 ostendebant,
611 1603 738 1646 annuam
771 1590 946 1656 absentiam,
974 1593 1006 1646 et

129 1683 349 1756 provineiarum
382 1685 665 1746 administrationem
694 1687 830 1746 Dialibus
854 1706 911 1746 non
936 1705 1006 1745 non·

127 1783 207 1850 sedi,
229 1785 500 1860 memorabaturque
522 1787 558 1843 L
580 1785 706 1854 Metelli,
731 1786 884 1846 Pontificio
910 1785 1007 1842 Maxi·

129 1879 180 1948 rui,
204 1884 384 1955 exemplum,
408 1884 458 1958 qui
484 1885 593 1944 Aulum
617 1885 805 1952 Postumium,
829 1884 1005 1952 Neminem,
1037 1963 1038 1966 Ἴ

126 1982 309 2066 attinuisset.
350 1982 398 2040 Ita
412 1999 474 2040 sors
489 1983 580 2040 Asiae
595 1983 626 2040 in
640 1999 716 2049 eum,
737 1983 787 2060 qui
802 1983 1006 2057 Consularium

128 2087 333 2162 Maluginensi
353 2087 502 2160 proximus
523 2093 595 2158 erat,
623 2093 749 2148 oonlata.
776 2095 785 2106 '
811 2091 922 2148 lisdem
946 2091 1005 2148 die·
1018 2098 1062 2159 72

129 2188 192 2257 bus,
207 2185 338 2259 Lepidus
362 2188 399 2244 ab
421 2189 532 2246 Senatu
547 2187 662 2261 petivit,
686 2194 718 2245 ut
738 2185 886 2244 basilicum
908 2185 1006 2254 Pauli,

110 2282 253 2353 ,amour
273 2283 450 2353 muniremus,
460 2284 578 2362 propriu
587 2284 709 2362 penaria
724 2283 860 2364 firmaret
880 2291 1006 2342 ornaret·

130 2400 192 2460 que.
214 2389 278 2441 erat
291 2384 380 2442 etiam
403 2389 463 2442 lum
486 2384 519 2443 tu
541 2401 621 2444 more
644 2385 762 2457 publiea
777 2382 1004 2443 'munitioentim

130 2499 188 2540 neu
204 2485 355 2558 Augustus
368 2489 500 2542 arcuerat
514 2485 655 2551 Taurum,
679 2483 859 2557 Philippum,
872 2483 1008 2548 balbum,

130 2583 254 2642 hostiles
277 2583 410 2650 exuvias,
435 2590 485 2640 aut
508 2583 687 2642 exundantis
710 2601 790 2657 opes,
813 2585 947 2640 ornatum
970 2583 1008 2640 ud

130 2683 210 2741 urbis
225 2689 255 2740 et
270 2688 415 2756 posterum
434 2682 556 2757 gloriam
580 2683 724 2740 nanterre.
745 2699 802 2758 quo
825 2686 886 2740 tum
909 2699 1008 2740 exem·

129 2783 181 2855 plo
199 2779 341 2854 Lepidus,
361 2797 535 2857 quamquam
558 2781 701 2855 pecuniae
726 2779 868 2862 maslinus,
892 2780 1009 2840 avitum

127 2881 220 2938 decus
245 2880 379 2938 recoluit.
422 2881 465 2938 At
488 2878 614 2956 Pauperi
634 2877 774 2938 mmmm
795 2880 865 2955 igne
888 2880 1018 2938 fortuito¹
1056 2891 1068 2928 ·,

128 2979 277 3045 baustum,
291 2979 402 3038 Caesar
413 2983 619 3036 arumnorum
638 2979 786 3052 pollicitus
800 2985 854 3046 eat,
868 2977 943 3054 quod
962 2965 1008 3034 sse-¹

129 3095 175 3134 nse
187 3095 203 3134 e
210 3074 334 3155 smrstls'n
346 3073 531 3134 restmsrundo
544 3073 679 3155 sufficeret
689 3098 702 3140 ,·
713 3081 840 3134 manente
854 3082 947 3134 sanun
960 3091 1009 3132 nu·

128 3175 204 3234 nune
227 3171 364 3250 Pompeii.
386 3177 473 3232 simul
495 3175 626 3232 laudibus
641 3175 783 3234 Seianum
795 3174 912 3239 extulit,
934 3179 1005 3230 tam·

129 3270 528 3350 psmnloborenigs'toab'uque
537 3267 1011 3330 dussmrnvtsunumuuraduu
1067 3293 1068 3308 ¹

131 3389 201 3430 num
213 3369 342 3428 noussen
363 3371 552 3428 Elaeusuere
567 3371 680 3436 Patres,
689 3366 808 3445 ffgtem
821 3361 931 3428 seiano,
941 3375 1018 3434 qudo·

162 3522 279 3584 Remtuit]
310 3519 760 3583 Repetiitmtdiuimussemlersmoreos.
792 3511 853 3556 llrra
