<?xml version="1.0" encoding="UTF-8"?>
<!DOCTYPE html PUBLIC "-//W3C//DTD XHTML 1.0 Transitional//EN"
    "http://www.w3.org/TR/xhtml1/DTD/xhtml1-transitional.dtd">
<html xmlns="http://www.w3.org/1999/xhtml" xml:lang="en" lang="en">
 <head>
  <title>
</title>
<meta http-equiv="Content-Type" content="text/html;charset=utf-8" />
  <meta name='ocr-system' content='tesseract 3.04.00' />
  <meta name='ocr-capabilities' content='ocr_page ocr_carea ocr_par ocr_line ocrx_word'/>
</head>
<body>
  <div class='ocr_page' id='page_1' title='image "./operaexrecensio01tacigoog_0101.png"; bbox 0 0 2134 3826; ppageno 0'>
   <div class='ocr_carea' id='block_1_1' title="bbox 109 240 987 313">
    <p class='ocr_par' dir='ltr' id='par_1_1' title="bbox 109 240 987 313">
     <span class='ocr_line' id='line_1_1' title="bbox 109 240 987 313; baseline 0.006 -5"><span class='ocrx_word' id='word_1_1' title='bbox 109 240 157 308; x_wconf 77' lang='lat'><strong>58</strong></span> <span class='ocrx_word' id='word_1_2' title='bbox 432 257 617 310; x_wconf 79' lang='lat' dir='ltr'><strong>aunanrvu</strong></span> <span class='ocrx_word' id='word_1_3' title='bbox 831 264 863 312; x_wconf 78' lang='lat' dir='ltr'><strong>a.</strong></span> <span class='ocrx_word' id='word_1_4' title='bbox 879 261 912 311; x_wconf 94' lang='lat' dir='ltr'><strong>v.</strong></span> <span class='ocrx_word' id='word_1_5' title='bbox 931 266 987 313; x_wconf 82' lang='lat' dir='ltr'><strong>ras</strong></span> 
     </span>
    </p>
   </div>
   <div class='ocr_carea' id='block_1_2' title="bbox 57 413 989 3021">
    <p class='ocr_par' dir='ltr' id='par_1_2' title="bbox 57 413 989 3021">
     <span class='ocr_line' id='line_1_2' title="bbox 107 413 987 490; baseline 0.002 -18"><span class='ocrx_word' id='word_1_6' title='bbox 107 415 193 486; x_wconf 88' lang='lat' dir='ltr'><strong>inops</strong></span> <span class='ocrx_word' id='word_1_7' title='bbox 217 417 267 472; x_wconf 86' lang='lat' dir='ltr'><strong>aut</strong></span> <span class='ocrx_word' id='word_1_8' title='bbox 285 413 409 478; x_wconf 88' lang='lat' dir='ltr'><strong>saucius,</strong></span> <span class='ocrx_word' id='word_1_9' title='bbox 429 421 542 472; x_wconf 88' lang='lat' dir='ltr'><strong>vestam</strong></span> <span class='ocrx_word' id='word_1_10' title='bbox 564 419 595 472; x_wconf 90' lang='lat' dir='ltr'><strong>et</strong></span> <span class='ocrx_word' id='word_1_11' title='bbox 612 413 742 474; x_wconf 82' lang='lat' dir='ltr'><strong>tomenta</strong></span> <span class='ocrx_word' id='word_1_12' title='bbox 765 413 904 490; x_wconf 77' lang='lat' dir='ltr'><strong>dilargita</strong></span> <span class='ocrx_word' id='word_1_13' title='bbox 927 421 987 474; x_wconf 91' lang='lat' dir='ltr'><strong>est.</strong></span> 
     </span>
     <span class='ocr_line' id='line_1_3' title="bbox 110 513 988 587; baseline 0.001 -16"><span class='ocrx_word' id='word_1_14' title='bbox 110 513 216 572; x_wconf 77' lang='lat' dir='ltr'>Tradit</span> <span class='ocrx_word' id='word_1_15' title='bbox 231 513 267 572; x_wconf 81' lang='grc'><strong>0.</strong></span> <span class='ocrx_word' id='word_1_16' title='bbox 289 513 412 580; x_wconf 85' lang='lat' dir='ltr'><strong>Plinius,</strong></span> <span class='ocrx_word' id='word_1_17' title='bbox 428 513 670 572; x_wconf 80' lang='lat' dir='ltr'><strong>Germanicorum</strong></span> <span class='ocrx_word' id='word_1_18' title='bbox 691 515 833 572; x_wconf 86' lang='lat' dir='ltr'><strong>bellorum</strong></span> <span class='ocrx_word' id='word_1_19' title='bbox 847 515 988 587; x_wconf 89' lang='lat' dir='ltr'><strong>scriptor,</strong></span> 
     </span>
     <span class='ocr_line' id='line_1_4' title="bbox 108 612 989 688; baseline 0 -17"><span class='ocrx_word' id='word_1_20' title='bbox 108 614 224 672; x_wconf 83' lang='lat' dir='ltr'><strong>stetisse</strong></span> <span class='ocrx_word' id='word_1_21' title='bbox 244 614 319 685; x_wconf 89' lang='lat' dir='ltr'><strong>apud</strong></span> <span class='ocrx_word' id='word_1_22' title='bbox 342 613 516 686; x_wconf 91' lang='lat' dir='ltr'><strong>principium</strong></span> <span class='ocrx_word' id='word_1_23' title='bbox 538 612 635 686; x_wconf 84' lang='lat' dir='ltr'><strong>pontis</strong></span> <span class='ocrx_word' id='word_1_24' title='bbox 658 614 757 670; x_wconf 85' lang='lat' dir='ltr'><strong>laudes</strong></span> <span class='ocrx_word' id='word_1_25' title='bbox 771 619 803 670; x_wconf 89' lang='lat' dir='ltr'><strong>et</strong></span> <span class='ocrx_word' id='word_1_26' title='bbox 826 619 926 688; x_wconf 77' lang='lat' dir='ltr'><strong>grates</strong></span> <span class='ocrx_word' id='word_1_27' title='bbox 941 631 989 671; x_wconf 89' lang='lat' dir='ltr'><strong>re·</strong></span> 
     </span>
     <span class='ocr_line' id='line_1_5' title="bbox 108 711 986 786; baseline 0.002 -18"><span class='ocrx_word' id='word_1_28' title='bbox 108 713 200 770; x_wconf 87' lang='lat' dir='ltr'><strong>versis</strong></span> <span class='ocrx_word' id='word_1_29' title='bbox 231 711 393 786; x_wconf 77' lang='lat' dir='ltr'><strong>legionibus</strong></span> <span class='ocrx_word' id='word_1_30' title='bbox 421 711 587 768; x_wconf 77' lang='lat' dir='ltr'><strong>habentem.</strong></span> <span class='ocrx_word' id='word_1_31' title='bbox 640 711 675 770; x_wconf 91' lang='lat' dir='ltr'><strong>ld</strong></span> <span class='ocrx_word' id='word_1_32' title='bbox 706 711 823 769; x_wconf 75' lang='lat' dir='ltr'><strong>&#39;l&#39;iber‘ri</strong></span> <span class='ocrx_word' id='word_1_33' title='bbox 850 712 986 770; x_wconf 89' lang='lat' dir='ltr'><strong>animum</strong></span> 
     </span>
     <span class='ocr_line' id='line_1_6' title="bbox 108 810 985 884; baseline 0.001 -15"><span class='ocrx_word' id='word_1_34' title='bbox 108 811 195 870; x_wconf 86' lang='lat' dir='ltr'><strong>altius</strong></span> <span class='ocrx_word' id='word_1_35' title='bbox 209 810 392 884; x_wconf 87' lang='lat' dir='ltr'><strong>penetravit:</strong></span> <span class='ocrx_word' id='word_1_36' title='bbox 413 815 492 867; x_wconf 93' lang='lat' dir='ltr'><strong>‘non</strong></span> <span class='ocrx_word' id='word_1_37' title='bbox 506 811 586 868; x_wconf 88' lang='lat' dir='ltr'><strong>enirn</strong></span> <span class='ocrx_word' id='word_1_38' title='bbox 600 810 749 883; x_wconf 72' lang='lat' dir='ltr'><strong>simplices</strong></span> <span class='ocrx_word' id='word_1_39' title='bbox 758 829 807 868; x_wconf 90' lang='lat' dir='ltr'><strong>eas</strong></span> <span class='ocrx_word' id='word_1_40' title='bbox 819 827 914 874; x_wconf 81' lang='lat' dir='ltr'><strong>ouras,</strong></span> <span class='ocrx_word' id='word_1_41' title='bbox 927 827 985 870; x_wconf 86' lang='lat' dir='ltr'><strong>neo</strong></span> 
     </span>
     <span class='ocr_line' id='line_1_7' title="bbox 109 908 985 984; baseline 0 -16"><span class='ocrx_word' id='word_1_42' title='bbox 109 911 270 968; x_wconf 87' lang='lat' dir='ltr'><strong>‘adversus</strong></span> <span class='ocrx_word' id='word_1_43' title='bbox 297 916 435 966; x_wconf 83' lang='lat' dir='ltr'><strong>externos</strong></span> <span class='ocrx_word' id='word_1_44' title='bbox 465 908 588 967; x_wconf 89' lang='lat' dir='ltr'><strong>militem</strong></span> <span class='ocrx_word' id='word_1_45' title='bbox 614 909 722 984; x_wconf 86' lang='lat' dir='ltr'><strong>quaeri.</strong></span> <span class='ocrx_word' id='word_1_46' title='bbox 747 908 821 966; x_wconf 89' lang='lat' dir='ltr'><strong>nihil</strong></span> <span class='ocrx_word' id='word_1_47' title='bbox 847 911 985 968; x_wconf 90' lang='lat' dir='ltr'><strong>relictum</strong></span> 
     </span>
     <span class='ocr_line' id='line_1_8' title="bbox 109 1007 985 1088; baseline -0.001 -21"><span class='ocrx_word' id='word_1_48' title='bbox 109 1008 366 1082; x_wconf 68' lang='lat' dir='ltr'><strong>‘Imperatoribun</strong></span> <span class='ocrx_word' id='word_1_49' title='bbox 400 1008 449 1066; x_wconf 90' lang='lat' dir='ltr'><strong>ubi</strong></span> <span class='ocrx_word' id='word_1_50' title='bbox 476 1007 584 1066; x_wconf 87' lang='lat' dir='ltr'><strong>lemine</strong></span> <span class='ocrx_word' id='word_1_51' title='bbox 618 1008 782 1082; x_wconf 89' lang='lat' dir='ltr'><strong>manipulos</strong></span> <span class='ocrx_word' id='word_1_52' title='bbox 814 1007 985 1088; x_wconf 81' lang='lat' dir='ltr'><strong>intervisat,</strong></span> 
     </span>
     <span class='ocr_line' id='line_1_9' title="bbox 109 1101 984 1182; baseline 0.001 -16"><span class='ocrx_word' id='word_1_53' title='bbox 109 1108 214 1181; x_wconf 83' lang='lat' dir='ltr'><strong>‘signa</strong></span> <span class='ocrx_word' id='word_1_54' title='bbox 237 1109 333 1174; x_wconf 87' lang='lat' dir='ltr'><strong>adeat,</strong></span> <span class='ocrx_word' id='word_1_55' title='bbox 358 1106 544 1182; x_wconf 78' lang='lat' dir='ltr'><strong>largitionem</strong></span> <span class='ocrx_word' id='word_1_56' title='bbox 571 1113 686 1179; x_wconf 88' lang='lat' dir='ltr'><strong>tentet;</strong></span> <span class='ocrx_word' id='word_1_57' title='bbox 708 1115 854 1182; x_wconf 75' lang='lat' dir='ltr'><strong>tamquam</strong></span> <span class='ocrx_word' id='word_1_58' title='bbox 881 1101 984 1180; x_wconf 83' lang='lat' dir='ltr'><strong>parum</strong></span> 
     </span>
     <span class='ocr_line' id='line_1_10' title="bbox 110 1206 984 1281; baseline 0 -17"><span class='ocrx_word' id='word_1_59' title='bbox 110 1207 286 1266; x_wconf 89' lang='lat' dir='ltr'><strong>‘ambitiose</strong></span> <span class='ocrx_word' id='word_1_60' title='bbox 313 1206 403 1264; x_wconf 86' lang='lat' dir='ltr'><strong>tilium</strong></span> <span class='ocrx_word' id='word_1_61' title='bbox 422 1208 505 1264; x_wconf 89' lang='lat' dir='ltr'><strong>ducis</strong></span> <span class='ocrx_word' id='word_1_62' title='bbox 526 1206 637 1281; x_wconf 79' lang='lat' dir='ltr'><strong>gregali</strong></span> <span class='ocrx_word' id='word_1_63' title='bbox 662 1207 762 1264; x_wconf 86' lang='lat' dir='ltr'><strong>habitu</strong></span> <span class='ocrx_word' id='word_1_64' title='bbox 785 1207 984 1275; x_wconf 78' lang='lat' dir='ltr'><strong>circumierat,</strong></span> 
     </span>
     <span class='ocr_line' id='line_1_11' title="bbox 109 1303 981 1380; baseline 0.002 -18"><span class='ocrx_word' id='word_1_65' title='bbox 109 1304 331 1380; x_wconf 71' lang='lat' dir='ltr'><strong>‘Caesaremque</strong></span> <span class='ocrx_word' id='word_1_66' title='bbox 353 1303 519 1380; x_wconf 77' lang='lat' dir='ltr'><strong>Caligulam</strong></span> <span class='ocrx_word' id='word_1_67' title='bbox 540 1305 681 1380; x_wconf 87' lang='lat' dir='ltr'><strong>appellari</strong></span> <span class='ocrx_word' id='word_1_68' title='bbox 707 1304 789 1362; x_wconf 89' lang='lat' dir='ltr'><strong>velit.</strong></span> <span class='ocrx_word' id='word_1_69' title='bbox 830 1305 981 1364; x_wconf 88' lang='lat' dir='ltr'><strong>Potiorem</strong></span> 
     </span>
     <span class='ocr_line' id='line_1_12' title="bbox 110 1403 980 1479; baseline -0.002 -15"><span class='ocrx_word' id='word_1_70' title='bbox 110 1406 188 1464; x_wconf 89' lang='lat' dir='ltr'><strong>‘iam</strong></span> <span class='ocrx_word' id='word_1_71' title='bbox 216 1407 291 1478; x_wconf 88' lang='lat' dir='ltr'><strong>apud</strong></span> <span class='ocrx_word' id='word_1_72' title='bbox 324 1405 470 1463; x_wconf 85' lang='lat' dir='ltr'><strong>exercilus</strong></span> <span class='ocrx_word' id='word_1_73' title='bbox 500 1403 703 1478; x_wconf 76' lang='lat' dir='ltr'><strong>Agrippinam,</strong></span> <span class='ocrx_word' id='word_1_74' title='bbox 741 1421 826 1479; x_wconf 89' lang='lat' dir='ltr'><strong>quarn</strong></span> <span class='ocrx_word' id='word_1_75' title='bbox 855 1405 980 1478; x_wconf 84' lang='lat' dir='ltr'><strong>legatos,</strong></span> 
     </span>
     <span class='ocr_line' id='line_1_13' title="bbox 109 1502 981 1580; baseline 0 -18"><span class='ocrx_word' id='word_1_76' title='bbox 109 1510 217 1580; x_wconf 87' lang='lat' dir='ltr'><strong>‘quam</strong></span> <span class='ocrx_word' id='word_1_77' title='bbox 240 1505 345 1562; x_wconf 90' lang='lat' dir='ltr'><strong>duces:</strong></span> <span class='ocrx_word' id='word_1_78' title='bbox 378 1519 575 1576; x_wconf 85' lang='lat' dir='ltr'><strong>compressam</strong></span> <span class='ocrx_word' id='word_1_79' title='bbox 599 1521 616 1560; x_wconf 87' lang='lat' dir='ltr'><strong>a</strong></span> <span class='ocrx_word' id='word_1_80' title='bbox 637 1502 757 1560; x_wconf 88' lang='lat' dir='ltr'><strong>muliere</strong></span> <span class='ocrx_word' id='word_1_81' title='bbox 790 1502 981 1572; x_wconf 87' lang='lat' dir='ltr'><strong>seditionem,</strong></span> 
     </span>
     <span class='ocr_line' id='line_1_14' title="bbox 109 1598 979 1677; baseline -0.001 -16"><span class='ocrx_word' id='word_1_82' title='bbox 109 1603 298 1662; x_wconf 85' lang='lat' dir='ltr'><strong>‘cuinomen</strong></span> <span class='ocrx_word' id='word_1_83' title='bbox 314 1603 458 1677; x_wconf 84' lang='lat' dir='ltr'><strong>Principis</strong></span> <span class='ocrx_word' id='word_1_84' title='bbox 481 1602 621 1660; x_wconf 69' lang='lat' dir='ltr'><strong>cosulere</strong></span> <span class='ocrx_word' id='word_1_85' title='bbox 646 1620 706 1659; x_wconf 90' lang='lat' dir='ltr'><strong>non</strong></span> <span class='ocrx_word' id='word_1_86' title='bbox 727 1598 873 1676; x_wconf 88' lang='lat' dir='ltr'><strong>quiverit.&#39;</strong></span> <span class='ocrx_word' id='word_1_87' title='bbox 920 1603 979 1660; x_wconf 87' lang='lat' dir='ltr'><strong>Ac·</strong></span> 
     </span>
     <span class='ocr_line' id='line_1_15' title="bbox 108 1700 982 1775; baseline -0.002 -13"><span class='ocrx_word' id='word_1_88' title='bbox 108 1703 255 1762; x_wconf 81' lang='lat' dir='ltr'><strong>condebat</strong></span> <span class='ocrx_word' id='word_1_89' title='bbox 288 1703 362 1760; x_wconf 86' lang='lat' dir='ltr'><strong>lraec</strong></span> <span class='ocrx_word' id='word_1_90' title='bbox 394 1703 589 1775; x_wconf 74' lang='lat' dir='ltr'><strong>onerabatque</strong></span> <span class='ocrx_word' id='word_1_91' title='bbox 622 1701 757 1766; x_wconf 85' lang='lat' dir='ltr'><strong>Seianus,</strong></span> <span class='ocrx_word' id='word_1_92' title='bbox 789 1700 892 1774; x_wconf 90' lang='lat' dir='ltr'><strong>peritia</strong></span> <span class='ocrx_word' id='word_1_93' title='bbox 922 1719 982 1760; x_wconf 89' lang='lat' dir='ltr'><strong>mo·</strong></span> 
     </span>
     <span class='ocr_line' id='line_1_16' title="bbox 108 1800 980 1874; baseline -0.002 -14"><span class='ocrx_word' id='word_1_94' title='bbox 108 1819 171 1860; x_wconf 91' lang='lat' dir='ltr'><strong>rum</strong></span> <span class='ocrx_word' id='word_1_95' title='bbox 186 1801 310 1868; x_wconf 74' lang='lat' dir='ltr'><strong>uicerit,</strong></span> <span class='ocrx_word' id='word_1_96' title='bbox 323 1800 390 1858; x_wconf 91' lang='lat' dir='ltr'><strong>odia</strong></span> <span class='ocrx_word' id='word_1_97' title='bbox 404 1801 434 1858; x_wconf 90' lang='lat' dir='ltr'><strong>in</strong></span> <span class='ocrx_word' id='word_1_98' title='bbox 449 1802 565 1874; x_wconf 81' lang='lat' dir='ltr'><strong>longum</strong></span> <span class='ocrx_word' id='word_1_99' title='bbox 580 1801 700 1866; x_wconf 85' lang='lat' dir='ltr'><strong>iaciens,</strong></span> <span class='ocrx_word' id='word_1_100' title='bbox 714 1817 787 1874; x_wconf 88' lang='lat' dir='ltr'><strong>quae</strong></span> <span class='ocrx_word' id='word_1_101' title='bbox 797 1801 980 1870; x_wconf 80' lang='lat' dir='ltr'><strong>reconderet,</strong></span> 
     </span>
     <span class='ocr_line' id='line_1_17' title="bbox 57 1891 979 1976; baseline 0.004 -23"><span class='ocrx_word' id='word_1_102' title='bbox 57 1891 250 1976; x_wconf 68' lang='lat' dir='ltr'><strong>locustaque</strong></span> <span class='ocrx_word' id='word_1_103' title='bbox 274 1906 426 1974; x_wconf 81' lang='lat' dir='ltr'><strong>promeret.</strong></span> <span class='ocrx_word' id='word_1_104' title='bbox 470 1901 510 1957; x_wconf 82' lang='lat' dir='ltr'><strong>At</strong></span> <span class='ocrx_word' id='word_1_105' title='bbox 527 1898 720 1956; x_wconf 83' lang='lat' dir='ltr'><strong>Germanicus</strong></span> <span class='ocrx_word' id='word_1_106' title='bbox 736 1899 893 1971; x_wconf 82' lang='lat' dir='ltr'><strong>legionum,</strong></span> <span class='ocrx_word' id='word_1_107' title='bbox 907 1917 979 1973; x_wconf 87' lang='lat' dir='ltr'><strong>quas</strong></span> 
     </span>
     <span class='ocr_line' id='line_1_18' title="bbox 108 1997 981 2071; baseline -0.003 -14"><span class='ocrx_word' id='word_1_108' title='bbox 108 2001 234 2058; x_wconf 83' lang='lat' dir='ltr'><strong>navibus</strong></span> <span class='ocrx_word' id='word_1_109' title='bbox 259 2003 390 2064; x_wconf 83' lang='lat' dir='ltr'><strong>vexerat,</strong></span> <span class='ocrx_word' id='word_1_110' title='bbox 403 1998 562 2054; x_wconf 86' lang='lat' dir='ltr'><strong>secundans</strong></span> <span class='ocrx_word' id='word_1_111' title='bbox 576 2004 606 2054; x_wconf 88' lang='lat' dir='ltr'><strong>el</strong></span> <span class='ocrx_word' id='word_1_112' title='bbox 620 2003 751 2071; x_wconf 88' lang='lat' dir='ltr'><strong>quartam</strong></span> <span class='ocrx_word' id='word_1_113' title='bbox 764 1999 920 2062; x_wconf 85' lang='lat' dir='ltr'><strong>decimam,</strong></span> <span class='ocrx_word' id='word_1_114' title='bbox 935 1997 981 2054; x_wconf 86' lang='lat' dir='ltr'><strong>iti·</strong></span> 
     </span>
     <span class='ocr_line' id='line_1_19' title="bbox 108 2095 980 2169; baseline -0.005 -13"><span class='ocrx_word' id='word_1_115' title='bbox 108 2115 179 2156; x_wconf 85' lang='lat' dir='ltr'><strong>nere</strong></span> <span class='ocrx_word' id='word_1_116' title='bbox 193 2095 319 2155; x_wconf 73' lang='lat' dir='ltr'><strong>terrestri</strong></span> <span class='ocrx_word' id='word_1_117' title='bbox 345 2096 379 2153; x_wconf 89' lang='lat' dir='ltr'><strong>P.</strong></span> <span class='ocrx_word' id='word_1_118' title='bbox 396 2097 520 2152; x_wconf 88' lang='lat' dir='ltr'><strong>Vitellio</strong></span> <span class='ocrx_word' id='word_1_119' title='bbox 532 2097 681 2152; x_wconf 88' lang='lat' dir='ltr'><strong>ducendas</strong></span> <span class='ocrx_word' id='word_1_120' title='bbox 696 2095 792 2161; x_wconf 88' lang='lat' dir='ltr'><strong>tradit,</strong></span> <span class='ocrx_word' id='word_1_121' title='bbox 806 2114 863 2169; x_wconf 89' lang='lat' dir='ltr'><strong>quo</strong></span> <span class='ocrx_word' id='word_1_122' title='bbox 885 2095 980 2152; x_wconf 87' lang='lat' dir='ltr'><strong>levior</strong></span> 
     </span>
     <span class='ocr_line' id='line_1_20' title="bbox 108 2193 980 2267; baseline -0.007 -12"><span class='ocrx_word' id='word_1_123' title='bbox 108 2196 210 2256; x_wconf 84' lang='lat' dir='ltr'><strong>classis</strong></span> <span class='ocrx_word' id='word_1_124' title='bbox 240 2198 350 2252; x_wconf 88' lang='lat' dir='ltr'><strong>vadoso</strong></span> <span class='ocrx_word' id='word_1_125' title='bbox 376 2193 447 2251; x_wconf 88' lang='lat' dir='ltr'><strong>mari</strong></span> <span class='ocrx_word' id='word_1_126' title='bbox 471 2193 595 2260; x_wconf 81' lang='lat' dir='ltr'><strong>innaret,</strong></span> <span class='ocrx_word' id='word_1_127' title='bbox 616 2197 664 2250; x_wconf 89' lang='lat' dir='ltr'><strong>vel</strong></span> <span class='ocrx_word' id='word_1_128' title='bbox 690 2195 842 2267; x_wconf 87' lang='lat' dir='ltr'><strong>reciproco</strong></span> <span class='ocrx_word' id='word_1_129' title='bbox 861 2193 980 2251; x_wconf 87' lang='lat' dir='ltr'><strong>sideret.</strong></span> 
     </span>
     <span class='ocr_line' id='line_1_21' title="bbox 107 2291 978 2368; baseline -0.005 -15"><span class='ocrx_word' id='word_1_130' title='bbox 107 2295 249 2354; x_wconf 78' lang='lat' dir='ltr'><strong>Vitellius</strong></span> <span class='ocrx_word' id='word_1_131' title='bbox 273 2295 393 2368; x_wconf 88' lang='lat' dir='ltr'><strong>primum</strong></span> <span class='ocrx_word' id='word_1_132' title='bbox 408 2291 463 2350; x_wconf 86' lang='lat' dir='ltr'><strong>iter</strong></span> <span class='ocrx_word' id='word_1_133' title='bbox 486 2294 566 2350; x_wconf 87' lang='lat' dir='ltr'><strong>sicca</strong></span> <span class='ocrx_word' id='word_1_134' title='bbox 581 2294 677 2359; x_wconf 89' lang='lat' dir='ltr'><strong>humo,</strong></span> <span class='ocrx_word' id='word_1_135' title='bbox 691 2301 741 2354; x_wconf 85' lang='lat' dir='ltr'><strong>aut</strong></span> <span class='ocrx_word' id='word_1_136' title='bbox 763 2293 878 2350; x_wconf 87' lang='lat' dir='ltr'><strong>modice</strong></span> <span class='ocrx_word' id='word_1_137' title='bbox 899 2293 978 2350; x_wconf 86' lang='lat' dir='ltr'><strong>adla-</strong></span> 
     </span>
     <span class='ocr_line' id='line_1_22' title="bbox 108 2390 978 2467; baseline -0.007 -13"><span class='ocrx_word' id='word_1_138' title='bbox 108 2395 197 2454; x_wconf 84' lang='lat' dir='ltr'><strong>bente</strong></span> <span class='ocrx_word' id='word_1_139' title='bbox 212 2402 303 2459; x_wconf 87' lang='lat' dir='ltr'><strong>aestu,</strong></span> <span class='ocrx_word' id='word_1_140' title='bbox 316 2394 445 2467; x_wconf 87' lang='lat' dir='ltr'><strong>quietum</strong></span> <span class='ocrx_word' id='word_1_141' title='bbox 461 2391 578 2449; x_wconf 88' lang='lat' dir='ltr'><strong>habuit:</strong></span> <span class='ocrx_word' id='word_1_142' title='bbox 601 2409 668 2448; x_wconf 81' lang='lat' dir='ltr'><strong>mox</strong></span> <span class='ocrx_word' id='word_1_143' title='bbox 684 2391 808 2463; x_wconf 86' lang='lat' dir='ltr'><strong>impulsu</strong></span> <span class='ocrx_word' id='word_1_144' title='bbox 824 2390 978 2464; x_wconf 89' lang='lat' dir='ltr'><strong>aquilonis,</strong></span> 
     </span>
     <span class='ocr_line' id='line_1_23' title="bbox 108 2489 979 2565; baseline -0.003 -15"><span class='ocrx_word' id='word_1_145' title='bbox 108 2492 193 2550; x_wconf 89' lang='lat' dir='ltr'><strong>simul</strong></span> <span class='ocrx_word' id='word_1_146' title='bbox 208 2494 302 2549; x_wconf 87' lang='lat' dir='ltr'><strong>sidere</strong></span> <span class='ocrx_word' id='word_1_147' title='bbox 317 2490 505 2565; x_wconf 85' lang='lat' dir='ltr'><strong>aequinoctii,</strong></span> <span class='ocrx_word' id='word_1_148' title='bbox 519 2508 576 2564; x_wconf 92' lang='lat' dir='ltr'><strong>quo</strong></span> <span class='ocrx_word' id='word_1_149' title='bbox 590 2490 718 2548; x_wconf 82' lang='lat' dir='ltr'><strong>maxime</strong></span> <span class='ocrx_word' id='word_1_150' title='bbox 735 2489 871 2547; x_wconf 88' lang='lat' dir='ltr'><strong>tumescit</strong></span> <span class='ocrx_word' id='word_1_151' title='bbox 886 2490 979 2547; x_wconf 88' lang='lat' dir='ltr'><strong>Ocea·</strong></span> 
     </span>
     <span class='ocr_line' id='line_1_24' title="bbox 108 2589 977 2662; baseline -0.002 -15"><span class='ocrx_word' id='word_1_152' title='bbox 108 2609 173 2652; x_wconf 83' lang='lat' dir='ltr'><strong>nus.</strong></span> <span class='ocrx_word' id='word_1_153' title='bbox 196 2591 256 2662; x_wconf 86' lang='lat' dir='ltr'><strong>rapi</strong></span> <span class='ocrx_word' id='word_1_154' title='bbox 271 2589 374 2662; x_wconf 78' lang='lat' dir='ltr'><strong>agique</strong></span> <span class='ocrx_word' id='word_1_155' title='bbox 398 2607 513 2662; x_wconf 83' lang='lat' dir='ltr'><strong>agmen.</strong></span> <span class='ocrx_word' id='word_1_156' title='bbox 528 2595 558 2644; x_wconf 89' lang='lat' dir='ltr'><strong>et</strong></span> <span class='ocrx_word' id='word_1_157' title='bbox 579 2591 771 2661; x_wconf 85' lang='lat' dir='ltr'><strong>opplebantur</strong></span> <span class='ocrx_word' id='word_1_158' title='bbox 796 2597 910 2660; x_wconf 83' lang='lat' dir='ltr'><strong>terrae:</strong></span> <span class='ocrx_word' id='word_1_159' title='bbox 931 2605 977 2645; x_wconf 89' lang='lat' dir='ltr'><strong>ea·</strong></span> 
     </span>
     <span class='ocr_line' id='line_1_25' title="bbox 108 2689 976 2764; baseline -0.003 -15"><span class='ocrx_word' id='word_1_160' title='bbox 108 2690 174 2750; x_wconf 83' lang='lat' dir='ltr'><strong>cem</strong></span> <span class='ocrx_word' id='word_1_161' title='bbox 189 2689 270 2754; x_wconf 80' lang='lat' dir='ltr'><strong>freto,</strong></span> <span class='ocrx_word' id='word_1_162' title='bbox 286 2689 371 2754; x_wconf 84' lang='lat' dir='ltr'><strong>litori,</strong></span> <span class='ocrx_word' id='word_1_163' title='bbox 385 2689 496 2761; x_wconf 83' lang='lat' dir='ltr'><strong>campis</strong></span> <span class='ocrx_word' id='word_1_164' title='bbox 512 2689 621 2746; x_wconf 82' lang='lat' dir='ltr'><strong>iacies:</strong></span> <span class='ocrx_word' id='word_1_165' title='bbox 643 2707 735 2764; x_wconf 88' lang='lat' dir='ltr'><strong>neque</strong></span> <span class='ocrx_word' id='word_1_166' title='bbox 756 2689 883 2746; x_wconf 85' lang='lat' dir='ltr'><strong>discerni</strong></span> <span class='ocrx_word' id='word_1_167' title='bbox 898 2695 976 2763; x_wconf 89' lang='lat' dir='ltr'><strong>pote·</strong></span> 
     </span>
     <span class='ocr_line' id='line_1_26' title="bbox 137 2842 977 2906; baseline 0.004 -19"><span class='ocrx_word' id='word_1_168' title='bbox 137 2842 196 2888; x_wconf 77' lang='lat' dir='ltr'><strong>outa</strong></span> <span class='ocrx_word' id='word_1_169' title='bbox 206 2844 232 2889; x_wconf 78' lang='lat' dir='ltr'><strong>iar</strong></span> <span class='ocrx_word' id='word_1_170' title='bbox 242 2844 333 2900; x_wconf 71' lang='lat' dir='ltr'><strong>lengum</strong></span> <span class='ocrx_word' id='word_1_171' title='bbox 342 2843 435 2904; x_wconf 73' lang='lat' dir='ltr'><strong>iaciens]</strong></span> <span class='ocrx_word' id='word_1_172' title='bbox 467 2843 481 2888; x_wconf 90' lang='lat' dir='ltr'><strong>i.</strong></span> <span class='ocrx_word' id='word_1_173' title='bbox 492 2857 512 2888; x_wconf 88' lang='lat' dir='ltr'><strong>e.</strong></span> <span class='ocrx_word' id='word_1_174' title='bbox 529 2843 575 2889; x_wconf 89' lang='lat' dir='ltr'><strong>odii</strong></span> <span class='ocrx_word' id='word_1_175' title='bbox 584 2843 700 2890; x_wconf 84' lang='lat' dir='ltr'><strong>materiam</strong></span> <span class='ocrx_word' id='word_1_176' title='bbox 710 2857 845 2906; x_wconf 88' lang='lat' dir='ltr'><strong>praeparans</strong></span> <span class='ocrx_word' id='word_1_177' title='bbox 855 2848 879 2889; x_wconf 88' lang='lat' dir='ltr'><strong>et</strong></span> <span class='ocrx_word' id='word_1_178' title='bbox 893 2843 977 2890; x_wconf 76' lang='lat' dir='ltr'><strong>semim</strong></span> 
     </span>
     <span class='ocr_line' id='line_1_27' title="bbox 108 2901 976 2964; baseline 0 -16"><span class='ocrx_word' id='word_1_179' title='bbox 108 2901 206 2948; x_wconf 79' lang='lat' dir='ltr'><strong>invidiae</strong></span> <span class='ocrx_word' id='word_1_180' title='bbox 216 2917 319 2964; x_wconf 76' lang='lat' dir='ltr'><strong>spargens</strong></span> <span class='ocrx_word' id='word_1_181' title='bbox 337 2903 358 2947; x_wconf 88' lang='lat' dir='ltr'><strong>in</strong></span> <span class='ocrx_word' id='word_1_182' title='bbox 369 2903 466 2948; x_wconf 86' lang='lat' dir='ltr'><strong>animum</strong></span> <span class='ocrx_word' id='word_1_183' title='bbox 477 2902 572 2958; x_wconf 84' lang='lat' dir='ltr'><strong>Tiberii,</strong></span> <span class='ocrx_word' id='word_1_184' title='bbox 587 2917 645 2963; x_wconf 88' lang='lat' dir='ltr'><strong>quae</strong></span> <span class='ocrx_word' id='word_1_185' title='bbox 656 2904 722 2959; x_wconf 74' lang='lat' dir='ltr'><strong>longo</strong></span> <span class='ocrx_word' id='word_1_186' title='bbox 732 2908 835 2963; x_wconf 87' lang='lat' dir='ltr'><strong>tempore</strong></span> <span class='ocrx_word' id='word_1_187' title='bbox 845 2907 896 2961; x_wconf 89' lang='lat' dir='ltr'><strong>post</strong></span> <span class='ocrx_word' id='word_1_188' title='bbox 906 2917 931 2949; x_wconf 89' lang='lat' dir='ltr'><strong>se</strong></span> <span class='ocrx_word' id='word_1_189' title='bbox 940 2917 976 2948; x_wconf 83' lang='lat' dir='ltr'><strong>ex·</strong></span> 
     </span>
     <span class='ocr_line' id='line_1_28' title="bbox 107 2961 976 3021; baseline 0 -13"><span class='ocrx_word' id='word_1_190' title='bbox 107 2967 199 3008; x_wconf 84' lang='lat' dir='ltr'><strong>sereret.</strong></span> <span class='ocrx_word' id='word_1_191' title='bbox 232 2963 358 3021; x_wconf 68' lang='lat' dir='ltr'><strong>Sequentia,</strong></span> <span class='ocrx_word' id='word_1_192' title='bbox 368 2976 422 3020; x_wconf 80' lang='lat' dir='ltr'><strong>quor</strong></span> <span class='ocrx_word' id='word_1_193' title='bbox 430 2962 561 3011; x_wconf 74' lang='lat' dir='ltr'><strong>reconderet.</strong></span> <span class='ocrx_word' id='word_1_194' title='bbox 573 2970 616 3007; x_wconf 86' lang='lat' dir='ltr'><strong>etc.</strong></span> <span class='ocrx_word' id='word_1_195' title='bbox 624 2962 653 3006; x_wconf 90' lang='lat' dir='ltr'><strong>de</strong></span> <span class='ocrx_word' id='word_1_196' title='bbox 661 2961 754 3007; x_wconf 76' lang='lat' dir='ltr'><strong>&#39;liberio</strong></span> <span class='ocrx_word' id='word_1_197' title='bbox 761 2961 909 3019; x_wconf 81' lang='lat' dir='ltr'><strong>intelligenda</strong></span> <span class='ocrx_word' id='word_1_198' title='bbox 919 2966 976 3015; x_wconf 84' lang='lat' dir='ltr'><strong>sunt,</strong></span> 
     </span>
    </p>
   </div>
   <div class='ocr_carea' id='block_1_3' title="bbox 107 3020 977 3143">
    <p class='ocr_par' dir='ltr' id='par_1_3' title="bbox 107 3020 977 3143">
     <span class='ocr_line' id='line_1_29' title="bbox 108 3020 977 3086; baseline 0.006 -22"><span class='ocrx_word' id='word_1_199' title='bbox 108 3027 132 3064; x_wconf 85' lang='lat' dir='ltr'><strong>et</strong></span> <span class='ocrx_word' id='word_1_200' title='bbox 150 3021 258 3080; x_wconf 75' lang='lat' dir='ltr'><strong>explicant</strong></span> <span class='ocrx_word' id='word_1_201' title='bbox 279 3039 304 3070; x_wconf 68' lang='lat' dir='ltr'><strong>ec</strong></span> <span class='ocrx_word' id='word_1_202' title='bbox 322 3022 347 3067; x_wconf 83' lang='lat' dir='ltr'><strong>irs</strong></span> <span class='ocrx_word' id='word_1_203' title='bbox 366 3021 463 3076; x_wconf 74' lang='lat' dir='ltr'><strong>magum.</strong></span> <span class='ocrx_word' id='word_1_204' title='bbox 497 3021 585 3066; x_wconf 83' lang='lat' dir='ltr'><strong>Heinsii</strong></span> <span class='ocrx_word' id='word_1_205' title='bbox 601 3034 682 3066; x_wconf 74' lang='lat' dir='ltr'><strong>ceuceu</strong></span> <span class='ocrx_word' id='word_1_206' title='bbox 700 3021 771 3065; x_wconf 85' lang='lat' dir='ltr'><strong>minua</strong></span> <span class='ocrx_word' id='word_1_207' title='bbox 790 3020 890 3079; x_wconf 76' lang='lat' dir='ltr'><strong>elegans,</strong></span> <span class='ocrx_word' id='word_1_208' title='bbox 910 3035 977 3086; x_wconf 86' lang='lat' dir='ltr'><strong>quam</strong></span> 
     </span>
     <span class='ocr_line' id='line_1_30' title="bbox 107 3081 833 3143; baseline -0.004 -12"><span class='ocrx_word' id='word_1_209' title='bbox 107 3085 260 3143; x_wconf 74' lang='lat' dir='ltr'><strong>iacienrprrto.</strong></span> <span class='ocrx_word' id='word_1_210' title='bbox 293 3085 322 3131; x_wconf 76' lang='lat' dir='ltr'><strong>lar</strong></span> <span class='ocrx_word' id='word_1_211' title='bbox 331 3085 424 3140; x_wconf 79' lang='lat' dir='ltr'><strong>tongum</strong></span> <span class='ocrx_word' id='word_1_212' title='bbox 432 3082 740 3138; x_wconf 62' lang='lat' dir='ltr'><strong>malidunensem.</strong></span> <span class='ocrx_word' id='word_1_213' title='bbox 773 3081 833 3128; x_wconf 75' lang='lat' dir='ltr'><strong>Em.</strong></span> 
     </span>
    </p>
   </div>
   <div class='ocr_carea' id='block_1_4' title="bbox 107 3159 975 3442">
    <p class='ocr_par' dir='ltr' id='par_1_4' title="bbox 107 3159 975 3442">
     <span class='ocr_line' id='line_1_31' title="bbox 136 3159 975 3221; baseline 0.002 -13"><span class='ocrx_word' id='word_1_214' title='bbox 136 3162 215 3208; x_wconf 78' lang='lat' dir='ltr'><strong>Sidere</strong></span> <span class='ocrx_word' id='word_1_215' title='bbox 230 3162 371 3221; x_wconf 79' lang='lat' dir='ltr'><strong>aequinoctii]</strong></span> <span class='ocrx_word' id='word_1_216' title='bbox 415 3160 474 3206; x_wconf 83' lang='lat' dir='ltr'><strong>idern</strong></span> <span class='ocrx_word' id='word_1_217' title='bbox 490 3160 575 3206; x_wconf 79' lang='lat' dir='ltr'><strong>Caesar</strong></span> <span class='ocrx_word' id='word_1_218' title='bbox 593 3159 661 3206; x_wconf 79' lang='lat' dir='ltr'><strong>serisit</strong></span> <span class='ocrx_word' id='word_1_219' title='bbox 679 3160 720 3206; x_wconf 87' lang='lat' dir='ltr'><strong>scri</strong></span> <span class='ocrx_word' id='word_1_220' title='bbox 737 3161 819 3220; x_wconf 83' lang='lat' dir='ltr'><strong>sitque,</strong></span> <span class='ocrx_word' id='word_1_221' title='bbox 834 3162 975 3219; x_wconf 65' lang='lat' dir='ltr'><strong>nauigatione</strong></span> 
     </span>
     <span class='ocr_line' id='line_1_32' title="bbox 108 3175 975 3274; baseline 0 -6"><span class='ocrx_word' id='word_1_222' title='bbox 108 3221 243 3274; x_wconf 85' lang='lat' dir='ltr'><strong>Britannica,</strong></span> <span class='ocrx_word' id='word_1_223' title='bbox 255 3221 276 3266; x_wconf 89' lang='lat' dir='ltr'><strong>iu</strong></span> <span class='ocrx_word' id='word_1_224' title='bbox 287 3219 457 3266; x_wconf 80' lang='lat' dir='ltr'><strong>Courrrrenlariis</strong></span> <span class='ocrx_word' id='word_1_225' title='bbox 467 3218 510 3263; x_wconf 85' lang='lat' dir='ltr'><strong>suis</strong></span> <span class='ocrx_word' id='word_1_226' title='bbox 519 3223 541 3271; x_wconf 78' lang='lat'><strong>4,</strong></span> <span class='ocrx_word' id='word_1_227' title='bbox 551 3221 586 3264; x_wconf 86' lang='lat'><strong>28.</strong></span> <span class='ocrx_word' id='word_1_228' title='bbox 620 3219 650 3264; x_wconf 79' lang='lat' dir='ltr'><strong>m</strong></span> <span class='ocrx_word' id='word_1_229' title='bbox 661 3219 712 3264; x_wconf 83' lang='lat' dir='ltr'><strong>virle</strong></span> <span class='ocrx_word' id='word_1_230' title='bbox 721 3175 834 3265; x_wconf 65' lang='lat' dir='ltr'><strong>iosidonii</strong></span> <span class='ocrx_word' id='word_1_231' title='bbox 845 3236 889 3266; x_wconf 89' lang='lat' dir='ltr'><strong>noo</strong></span> <span class='ocrx_word' id='word_1_232' title='bbox 897 3223 975 3268; x_wconf 85' lang='lat' dir='ltr'><strong>abhor-</strong></span> 
     </span>
     <span class='ocr_line' id='line_1_33' title="bbox 107 3276 973 3328; baseline 0.003 -3"><span class='ocrx_word' id='word_1_233' title='bbox 107 3287 193 3325; x_wconf 87' lang='lat' dir='ltr'><strong>rentem</strong></span> <span class='ocrx_word' id='word_1_234' title='bbox 204 3279 280 3324; x_wconf 75' lang='lat' dir='ltr'><strong>abusu</strong></span> <span class='ocrx_word' id='word_1_235' title='bbox 297 3278 404 3323; x_wconf 82' lang='lat' dir='ltr'><strong>hodierno</strong></span> <span class='ocrx_word' id='word_1_236' title='bbox 417 3276 451 3322; x_wconf 85' lang='lat' dir='ltr'><strong>dis</strong></span> <span class='ocrx_word' id='word_1_237' title='bbox 469 3277 591 3322; x_wconf 84' lang='lat' dir='ltr'><strong>umtiorrem</strong></span> <span class='ocrx_word' id='word_1_238' title='bbox 608 3292 631 3324; x_wconf 90' lang='lat' dir='ltr'><strong>su</strong></span> <span class='ocrx_word' id='word_1_239' title='bbox 648 3293 672 3322; x_wconf 92' lang='lat' dir='ltr'><strong>er</strong></span> <span class='ocrx_word' id='word_1_240' title='bbox 691 3285 738 3324; x_wconf 92' lang='lat' dir='ltr'><strong>tota</strong></span> <span class='ocrx_word' id='word_1_241' title='bbox 750 3292 774 3324; x_wconf 84' lang='lat' dir='ltr'><strong>re</strong></span> <span class='ocrx_word' id='word_1_242' title='bbox 792 3293 804 3322; x_wconf 89' lang='lat' dir='ltr'><strong>a</strong></span> <span class='ocrx_word' id='word_1_243' title='bbox 822 3279 852 3325; x_wconf 92' lang='lat' dir='ltr'><strong>ud</strong></span> <span class='ocrx_word' id='word_1_244' title='bbox 870 3281 973 3328; x_wconf 82' lang='lat' dir='ltr'><strong>Straboo.</strong></span> 
     </span>
     <span class='ocr_line' id='line_1_34' title="bbox 107 3292 974 3438; baseline 0.002 -54"><span class='ocrx_word' id='word_1_245' title='bbox 107 3353 126 3384; x_wconf 85' lang='lat' dir='ltr'><strong>o.</strong></span> <span class='ocrx_word' id='word_1_246' title='bbox 139 3341 159 3407; x_wconf 79' lang='lat'><strong>³:</strong></span> <span class='ocrx_word' id='word_1_247' title='bbox 171 3345 219 3382; x_wconf 81' lang='lat' dir='ltr'><strong>extr</strong></span> <span class='ocrx_word' id='word_1_248' title='bbox 239 3352 304 3438; x_wconf 67' lang='lat' dir='ltr'><strong>querlrr</strong></span> <span class='ocrx_word' id='word_1_249' title='bbox 314 3343 388 3380; x_wconf 86' lang='lat' dir='ltr'><strong>tamen</strong></span> <span class='ocrx_word' id='word_1_250' title='bbox 398 3335 444 3396; x_wconf 86' lang='lat' dir='ltr'><strong>ipse</strong></span> <span class='ocrx_word' id='word_1_251' title='bbox 453 3292 513 3381; x_wconf 69' lang='lat' dir='ltr'><strong>inauri</strong></span> <span class='ocrx_word' id='word_1_252' title='bbox 524 3335 581 3380; x_wconf 87' lang='lat' dir='ltr'><strong>iuste</strong></span> <span class='ocrx_word' id='word_1_253' title='bbox 590 3293 679 3382; x_wconf 75' lang='lat' dir='ltr'><strong>reieilit.</strong></span> <span class='ocrx_word' id='word_1_254' title='bbox 710 3335 772 3393; x_wconf 67' lang='lat' dir='ltr'><strong>lupa.</strong></span> <span class='ocrx_word' id='word_1_255' title='bbox 830 3373 835 3383; x_wconf 96' lang='lat'><em>.</em></span> <span class='ocrx_word' id='word_1_256' title='bbox 847 3353 866 3384; x_wconf 89' lang='lat' dir='ltr'><strong>r.</strong></span> <span class='ocrx_word' id='word_1_257' title='bbox 886 3341 974 3400; x_wconf 86' lang='lat' dir='ltr'><strong>aequin·</strong></span> 
     </span>
     <span class='ocr_line' id='line_1_35' title="bbox 107 3403 321 3442; baseline -0.014 0"><span class='ocrx_word' id='word_1_258' title='bbox 107 3404 160 3442; x_wconf 83' lang='lat' dir='ltr'><strong>octrr</strong></span> <span class='ocrx_word' id='word_1_259' title='bbox 169 3403 284 3442; x_wconf 84' lang='lat' dir='ltr'><strong>auctumna</strong></span> <span class='ocrx_word' id='word_1_260' title='bbox 297 3409 321 3440; x_wconf 89' lang='lat' dir='ltr'><strong>rs.</strong></span> 
     </span>
    </p>
   </div>
   <div class='ocr_carea' id='block_1_5' title="bbox 108 3469 1055 3598">
    <p class='ocr_par' dir='ltr' id='par_1_5' title="bbox 108 3469 1055 3598">
     <span class='ocr_line' id='line_1_36' title="bbox 137 3469 1055 3531; baseline 0.005 -13"><span class='ocrx_word' id='word_1_261' title='bbox 137 3473 223 3518; x_wconf 80' lang='lat' dir='ltr'><strong>Eadem</strong></span> <span class='ocrx_word' id='word_1_262' title='bbox 235 3474 306 3528; x_wconf 74' lang='lat' dir='ltr'><strong>fretu,</strong></span> <span class='ocrx_word' id='word_1_263' title='bbox 326 3471 396 3531; x_wconf 67' lang='lat' dir='ltr'><strong>litori]</strong></span> <span class='ocrx_word' id='word_1_264' title='bbox 431 3471 508 3516; x_wconf 76' lang='lat' dir='ltr'><strong>listris</strong></span> <span class='ocrx_word' id='word_1_265' title='bbox 526 3469 669 3531; x_wconf 86' lang='lat' dir='ltr'><strong>pluribusque</strong></span> <span class='ocrx_word' id='word_1_266' title='bbox 678 3470 733 3517; x_wconf 87' lang='lat' dir='ltr'><strong>loeis</strong></span> <span class='ocrx_word' id='word_1_267' title='bbox 742 3473 892 3528; x_wconf 83' lang='lat' dir='ltr'><strong>clarum,norr</strong></span> <span class='ocrx_word' id='word_1_268' title='bbox 909 3475 974 3524; x_wconf 82' lang='lat' dir='ltr'><strong>luisse</strong></span> <span class='ocrx_word' id='word_1_269' title='bbox 1054 3471 1055 3478; x_wconf 42' lang='lat'>¹</span> 
     </span>
     <span class='ocr_line' id='line_1_37' title="bbox 108 3529 975 3598; baseline 0.002 -20"><span class='ocrx_word' id='word_1_270' title='bbox 108 3531 158 3578; x_wconf 81' lang='lat' dir='ltr'><strong>loeo</strong></span> <span class='ocrx_word' id='word_1_271' title='bbox 176 3531 249 3580; x_wconf 86' lang='lat' dir='ltr'><strong>litoris</strong></span> <span class='ocrx_word' id='word_1_272' title='bbox 264 3532 320 3579; x_wconf 89' lang='lat' dir='ltr'><strong>olim</strong></span> <span class='ocrx_word' id='word_1_273' title='bbox 344 3529 456 3578; x_wconf 76' lang='lat' dir='ltr'><strong>arenariae</strong></span> <span class='ocrx_word' id='word_1_274' title='bbox 472 3529 524 3577; x_wconf 86' lang='lat' dir='ltr'><strong>illas</strong></span> <span class='ocrx_word' id='word_1_275' title='bbox 542 3529 612 3576; x_wconf 88' lang='lat' dir='ltr'><strong>moles</strong></span> <span class='ocrx_word' id='word_1_276' title='bbox 627 3529 700 3576; x_wconf 85' lang='lat' dir='ltr'><strong>verim</strong></span> <span class='ocrx_word' id='word_1_277' title='bbox 716 3544 783 3590; x_wconf 83' lang='lat' dir='ltr'><strong>quern</strong></span> <span class='ocrx_word' id='word_1_278' title='bbox 801 3539 898 3594; x_wconf 73' lang='lat' dir='ltr'><strong>montes,</strong></span> <span class='ocrx_word' id='word_1_279' title='bbox 917 3547 975 3598; x_wconf 82' lang='lat' dir='ltr'><strong>quse</strong></span> 
     </span>
    </p>
   </div>
   <div class='ocr_carea' id='block_1_6' title="bbox 0 0 1072 3826">
    <p class='ocr_par' dir='ltr' id='par_1_6' title="bbox 0 0 1072 3826">
     <span class='ocr_line' id='line_1_38' title="bbox 0 0 1072 3826; baseline 0 1"><span class='ocrx_word' id='word_1_280' title='bbox 0 0 1072 3826; x_wconf 95' lang='lat' dir='ltr'><strong> </strong></span> 
     </span>
    </p>
   </div>
  </div>
 </body>
</html>
