2134 3826
131 219 200 269 se.
218 224 252 270 rr.
375 219 447 266 sm.
474 167 518 266 n..
561 217 640 266 nar.
667 197 728 267 46.
741 153 804 270 Δ47.
946 199 998 270 99

131 374 324 432 ‘servavisse
353 389 425 450 mox
451 371 667 432 conditionibus
692 373 791 450 aequis
817 375 993 434 dissessum:

129 480 236 548 'neque
262 471 424 546 poenitere,
438 473 514 548 quod
538 473 664 546 ipsomm
688 472 719 531 in
744 491 830 531 manu
850 475 899 540 sit,
923 473 995 532 inte·

127 577 225 647 ‘gmm
239 573 398 630 adversum
409 572 555 629 Romanos
569 571 736 639 bellomon
749 589 850 646 paoem
864 571 997 630 incruen-

127 676 205 728 ‘trm
219 669 347 728 malini)
387 671 443 728 His
456 671 579 728 vooibus
602 671 760 728 instinctos
773 671 928 730 exereitus
934 678 996 744 tito·

127 771 205 844 priae
219 788 335 846 qunque
359 785 480 827 caussae
501 769 697 828 stimulabant.
721 787 788 828 oum
802 787 821 826 a
841 769 997 829 (ibemsnis

127 869 395 944 Langobardisque,
421 885 474 942 pro
509 869 629 943 antiquo
654 871 770 936 decore,
804 875 853 926 aui
886 868 997 926 receuti

126 968 280 1037 libertate;
302 975 332 1024 et
353 973 464 1036 eontra,
485 969 636 1042 augendae
660 967 854 1026 dominationi
875 973 998 1026 uertere·

125 1071 178 1124 lur.
222 1069 293 1124 Non
308 1067 380 1124 olias
393 1067 502 1124 maiore
517 1069 593 1124 mole
617 1083 801 1135 coneursum,
826 1083 919 1142 neque
940 1066 997 1124 'em

125 1165 213 1240 biguo
228 1165 322 1240 magis
346 1172 465 1234 eventu,
479 1165 549 1223 lusis
565 1165 708 1239 utrimque
728 1166 839 1222 dextris
853 1165 996 1223 cornibus.

126 1267 361 1339 Sperabaturqne
374 1281 484 1321 rursum
499 1283 603 1339 pugna,
625 1265 657 1321 ni
684 1259 878 1322 Maroboduus
902 1277 1010 1322 eastra·
1046 1269 1047 1274 ’

125 1363 155 1421 in
170 1365 265 1420 colles
290 1362 484 1420 subduxisset.
526 1364 560 1421 ld
583 1363 697 1437 signum
723 1365 848 1438 perculsi
872 1363 944 1422 tuit:
965 1370 996 1422 el

125 1461 293 1537 transfugiis
306 1461 457 1536 paullatim
482 1463 615 1528 nudatus,
628 1461 660 1519 in
683 1461 908 1521 Marcomannos
928 1479 996 1522 son·

122 1563 225 1629 cessit,
238 1561 374 1635 misitque
389 1563 498 1634 legatos
513 1561 549 1618 sd
579 1561 742 1629 Tiberium,
760 1567 890 1620 ursiuros
914 1563 996 1621 auxi·

124 1661 173 1719 lia.
217 1661 402 1734 Responsum
424 1665 477 1727 est,
491 1675 546 1716 non
567 1657 630 1716 iure
648 1677 710 1716 eum
732 1657 865 1718 αάυετειω
877 1659 996 1720 cuam-

124 1777 171 1817 uus
188 1773 275 1816 omna
295 1757 427 1816 Romnae
447 1757 582 1826 inuocare,
597 1756 646 1834 qui
661 1759 816 1834 pugnaretis
838 1759 870 1817 in
882 1759 996 1823 eundem

125 1857 230 1916 bostem
252 1855 397 1915 Manuos
420 1855 502 1915 nullu
528 1855 720 1934 optinuisset.
763 1859 871 1918 Missus
896 1865 995 1920 tamen

125 1959 249 2026 Drusus,
262 1963 294 2014 ui
308 1957 466 2024 retulimus,
480 1957 561 2030 panis
575 1957 709 2014 lirmntor.

162 2057 279 2115 Eodem
293 2071 372 2112 anno
385 2054 539 2112 duodecim
553 2057 683 2115 celebres
707 2057 796 2114 Asiae
818 2058 902 2115 urbes
925 2074 993 2116 oon·
1004 2042 1047 2105 47

122 2157 222 2228 lapsae
237 2160 380 2228 nocturno
395 2159 473 2211 motu
488 2159 599 2210 terrae:
617 2172 674 2229 quo
694 2155 878 2227 improvisinr
900 2155 996 2230 gravi·

122 2269 212 2327 arque
228 2251 318 2325 pestis
332 2251 394 2309 luit.
417 2269 511 2326 neque
524 2252 642 2310 solitum
656 2252 687 2310 in
708 2254 761 2310 tali
774 2269 843 2310 earn
857 2252 994 2327 effugium

122 2349 329 2417 subveniebat,
351 2350 384 2407 in
406 2357 506 2423 aperta
538 2351 753 2424 prorumpendi,
777 2350 845 2426 quia
867 2351 995 2428 diductis

123 2449 207 2506 terris
237 2447 448 2506 hauriebantur.
488 2447 596 2506 Sudines
619 2448 768 2507 immensos
790 2453 915 2508 mades:
933 2449 995 2508 uisu

150 2624 239 2670 Eodem
246 2623 317 2683 unna]
347 2623 506 2670 Termemotus
516 2624 579 2670 huius
595 2624 682 2673 mentio
692 2623 765 2672 Plinio
775 2629 797 2681 2,
809 2627 845 2673 dd.
878 2625 994 2674 Monimou

123 2687 203 2734 terroe,
214 2683 319 2727 memorio
329 2683 465 2736 mortalium,
475 2683 558 2728 residit
567 2687 638 2729 molus
649 2683 738 2729 Tiberii
747 2684 849 2730 Cusmris
856 2684 994 2741 principatu,

124 2742 241 2789 duodecim
250 2741 346 2788 urbibus
355 2743 479 2788 Ariorum
488 2745 548 2788 sucta
556 2743 677 2798 prestratis.
710 2743 794 2790 Bonum
805 2743 909 2790 Orosinm
928 2757 994 2804 quam

124 2800 180 2858 sugit
191 2801 261 2854 ratio,
271 2800 308 2862 qui
326 2805 347 2852 ⁷.
363 2805 383 2846 l.
398 2801 456 2846 hune
471 2805 590 2846 tremorem
606 2805 681 2846 terrae
691 2803 720 2848 ad
730 2807 816 2862 tempus
826 2803 895 2848 refert
912 2801 994 2847 mortui

125 2859 193 2905 nostri
205 2859 348 2906 servatoris!
364 2860 424 2929 quod
434 2873 474 2904 nos
483 2855 571 2920 quidem
582 2861 660 2905 seimus
675 2861 729 2906 lotis
746 2861 913 2922 quatuordeeim
930 2861 994 2906 anuis

122 2917 316 2980 posteriusl'uisse.
348 2917 410 2974 Lupa.
443 2918 503 2964 Vide.
517 2919 546 2964 ad
562 2918 613 2966 Lib.
624 2919 694 2966 vic.
708 2922 727 2966 l.

153 2995 186 3042 In
202 3000 277 3052 npsrln
285 2996 454 3058 prorumpendi]
485 2996 545 3043 Vide
555 2997 584 3042 ad
597 3012 616 3044 c.
637 3001 672 3044 43.
691 2999 831 3058 nequeenim
842 2997 901 3043 hunc
915 2997 995 3056 genili-

124 3069 175 3101 rnm
195 3061 252 3116 puto
270 3054 300 3100 ab
317 3055 429 3114 ὠρίνθη
449 3054 503 3114 regi.
535 3055 686 3113 Prorumpere
700 3057 727 3103 in
744 3062 818 3114 opertu
837 3055 997 3114 ostellagium

122 3115 130 3160 i
146 3129 201 3160 sum.
235 3113 258 3160 Si
269 3114 362 3160 Tacitus
372 3114 489 3160 brevitatis
496 3114 579 3174 ubique
588 3116 683 3162 retinens
693 3123 759 3171 esset,
770 3126 844 3176 posses
854 3116 910 3160 baec
924 3115 995 3160 verba

138 3174 234 3231 eglosss
252 3178 356 3232 suspecta
366 3173 458 3219 bebere.
489 3173 548 3220 Nam
567 3173 616 3233 quis
634 3190 677 3221 nnn
687 3189 727 3234 per
743 3189 766 3222 ss
776 3173 892 3230 intelligit,
903 3172 993 3219 solitum

122 3231 197 3290 elingit
238 3231 438 3288 inrationalem,
449 3231 505 3278 utin
522 3239 600 3292 speria
618 3233 717 3280 homines
734 3235 896 3296 prommpanb
919 3233 995 3288 Atque

124 3291 214 3350 aliquan
230 3305 246 3336 o
256 3291 324 3336 valde
354 3289 443 3336 reclivis
452 3289 474 3336 in
484 3291 542 3336 banc
558 3296 645 3351 partem
655 3292 694 3337 fni.
725 3293 770 3337 Sed
785 3287 880 3334 nonsibi
891 3300 913 3330 m
922 3285 995 3328 brevi·

121 3353 172 3395 iste
191 3305 412 3408 adhibendauitique
421 3354 509 3394 modat
524 3349 623 3394 Tacitus.
657 3351 687 3394 bt
727 3349 746 3393 is
754 3349 777 3392 in
788 3347 831 3409 bqr
844 3332 902 3385 ‘satis
918 3345 995 3404 cantus

123 3421 171 3455 esse
181 3407 274 3470 poteri?
289 3407 337 3468 quis
352 3422 396 3454 non
406 3406 505 3458 subinde,
516 3407 617 3466 quamvis
626 3405 727 3464 diligens,
736 3404 760 3449 in
777 3397 893 3448 scribendo
902 3395 998 3450 negligat

90 3488 93 3500 ·
121 3466 285 3529 legemquam
293 3463 475 3528 sibiipreisait?
490 3464 551 3511 Min.
