<?xml version="1.0" encoding="UTF-8"?>
<!DOCTYPE html PUBLIC "-//W3C//DTD XHTML 1.0 Transitional//EN"
    "http://www.w3.org/TR/xhtml1/DTD/xhtml1-transitional.dtd">
<html xmlns="http://www.w3.org/1999/xhtml" xml:lang="en" lang="en">
 <head>
  <title>
</title>
<meta http-equiv="Content-Type" content="text/html;charset=utf-8" />
  <meta name='ocr-system' content='tesseract 3.04.00' />
  <meta name='ocr-capabilities' content='ocr_page ocr_carea ocr_par ocr_line ocrx_word'/>
</head>
<body>
  <div class='ocr_page' id='page_1' title='image "./operaexrecensio01tacigoog_0307.png"; bbox 0 0 2164 3846; ppageno 0'>
   <div class='ocr_carea' id='block_1_1' title="bbox 56 251 930 338">
    <p class='ocr_par' dir='ltr' id='par_1_1' title="bbox 56 251 930 338">
     <span class='ocr_line' id='line_1_1' title="bbox 56 251 930 338; baseline 0.002 -16"><span class='ocrx_word' id='word_1_1' title='bbox 56 251 130 324; x_wconf 83' lang='lat'><strong>266</strong></span> <span class='ocrx_word' id='word_1_2' title='bbox 266 253 293 338; x_wconf 64' lang='lat' dir='ltr'>J</span> <span class='ocrx_word' id='word_1_3' title='bbox 384 271 569 322; x_wconf 66' lang='lat' dir='ltr'><strong>susurru</strong></span> <span class='ocrx_word' id='word_1_4' title='bbox 640 299 642 304; x_wconf 91' lang='lat'>-</span> <span class='ocrx_word' id='word_1_5' title='bbox 784 275 930 330; x_wconf 72' lang='lat' dir='ltr'><strong>nuru.</strong></span> 
     </span>
    </p>
   </div>
   <div class='ocr_carea' id='block_1_2' title="bbox 1 425 945 3586">
    <p class='ocr_par' dir='ltr' id='par_1_2' title="bbox 1 425 945 3586">
     <span class='ocr_line' id='line_1_2' title="bbox 57 425 932 504; baseline 0.005 -16"><span class='ocrx_word' id='word_1_6' title='bbox 57 431 102 488; x_wconf 81' lang='lat' dir='ltr'><strong>les</strong></span> <span class='ocrx_word' id='word_1_7' title='bbox 125 425 216 504; x_wconf 68' lang='lat' dir='ltr'><strong>ch&#39;u</strong></span> <span class='ocrx_word' id='word_1_8' title='bbox 241 426 343 502; x_wconf 77' lang='lat' dir='ltr'><strong>copias</strong></span> <span class='ocrx_word' id='word_1_9' title='bbox 366 429 534 499; x_wconf 74' lang='lat' dir='ltr'><strong>tutabatur3</strong></span> <span class='ocrx_word' id='word_1_10' title='bbox 553 427 650 490; x_wconf 82' lang='lat' dir='ltr'><strong>doceo</strong></span> <span class='ocrx_word' id='word_1_11' title='bbox 677 426 723 488; x_wconf 82' lang='lat' dir='ltr'><strong>ll.</strong></span> <span class='ocrx_word' id='word_1_12' title='bbox 748 427 932 502; x_wconf 74' lang='lat' dir='ltr'><strong>Trebellius.</strong></span> 
     </span>
     <span class='ocr_line' id='line_1_3' title="bbox 57 526 930 608; baseline 0.007 -20"><span class='ocrx_word' id='word_1_13' title='bbox 57 528 241 604; x_wconf 67' lang='lat' dir='ltr'><strong>Legatum</strong></span> <span class='ocrx_word' id='word_1_14' title='bbox 274 526 407 597; x_wconf 88' lang='lat' dir='ltr'><strong>Vitellio,</strong></span> <span class='ocrx_word' id='word_1_15' title='bbox 442 527 580 588; x_wconf 85' lang='lat' dir='ltr'><strong>Praeside</strong></span> <span class='ocrx_word' id='word_1_16' title='bbox 616 528 732 602; x_wconf 78' lang='lat' dir='ltr'><strong>Syriae,</strong></span> <span class='ocrx_word' id='word_1_17' title='bbox 766 547 837 590; x_wconf 85' lang='lat' dir='ltr'><strong>oum</strong></span> <span class='ocrx_word' id='word_1_18' title='bbox 862 547 930 608; x_wconf 71' lang='lat' dir='ltr'><strong>qut·</strong></span> 
     </span>
     <span class='ocr_line' id='line_1_4' title="bbox 58 625 930 701; baseline 0.005 -15"><span class='ocrx_word' id='word_1_19' title='bbox 58 633 124 686; x_wconf 90' lang='lat' dir='ltr'><strong>tuor</strong></span> <span class='ocrx_word' id='word_1_20' title='bbox 136 626 263 686; x_wconf 89' lang='lat' dir='ltr'><strong>millibus</strong></span> <span class='ocrx_word' id='word_1_21' title='bbox 284 625 507 701; x_wconf 77' lang='lat' dir='ltr'><strong>legionariorum</strong></span> <span class='ocrx_word' id='word_1_22' title='bbox 532 632 564 684; x_wconf 87' lang='lat' dir='ltr'><strong>at</strong></span> <span class='ocrx_word' id='word_1_23' title='bbox 576 629 700 686; x_wconf 83' lang='lat' dir='ltr'><strong>delectis</strong></span> <span class='ocrx_word' id='word_1_24' title='bbox 727 629 848 688; x_wconf 77' lang='lat' dir='ltr'><strong>auxiliis</strong></span> <span class='ocrx_word' id='word_1_25' title='bbox 862 632 930 690; x_wconf 68' lang='lat' dir='ltr'><strong>mu·</strong></span> 
     </span>
     <span class='ocr_line' id='line_1_5' title="bbox 56 724 928 805; baseline 0.006 -19"><span class='ocrx_word' id='word_1_26' title='bbox 56 745 114 788; x_wconf 77' lang='lat' dir='ltr'><strong>aas.</strong></span> <span class='ocrx_word' id='word_1_27' title='bbox 124 727 196 786; x_wconf 85' lang='lat' dir='ltr'><strong>duos</strong></span> <span class='ocrx_word' id='word_1_28' title='bbox 204 726 298 794; x_wconf 81' lang='lat' dir='ltr'><strong>collis,</strong></span> <span class='ocrx_word' id='word_1_29' title='bbox 311 743 382 801; x_wconf 85' lang='lat' dir='ltr'><strong>quos</strong></span> <span class='ocrx_word' id='word_1_30' title='bbox 390 726 504 786; x_wconf 81' lang='lat' dir='ltr'><strong>barbari</strong></span> <span class='ocrx_word' id='word_1_31' title='bbox 511 726 677 786; x_wconf 77' lang='lat' dir='ltr'><strong>insederant</strong></span> <span class='ocrx_word' id='word_1_32' title='bbox 687 724 809 805; x_wconf 89' lang='lat' dir='ltr'><strong>(minori</strong></span> <span class='ocrx_word' id='word_1_33' title='bbox 817 727 928 800; x_wconf 80' lang='lat' dir='ltr'><strong>Cadra,</strong></span> 
     </span>
     <span class='ocr_line' id='line_1_6' title="bbox 58 822 935 904; baseline 0.005 -18"><span class='ocrx_word' id='word_1_34' title='bbox 58 828 144 888; x_wconf 84' lang='lat' dir='ltr'><strong>alteri</strong></span> <span class='ocrx_word' id='word_1_35' title='bbox 169 825 291 884; x_wconf 80' lang='lat' dir='ltr'><strong>Davara</strong></span> <span class='ocrx_word' id='word_1_36' title='bbox 322 842 429 884; x_wconf 85' lang='lat' dir='ltr'><strong>nomen</strong></span> <span class='ocrx_word' id='word_1_37' title='bbox 455 825 515 904; x_wconf 86' lang='lat' dir='ltr'><strong>est)</strong></span> <span class='ocrx_word' id='word_1_38' title='bbox 550 822 684 900; x_wconf 68' lang='lat' dir='ltr'><strong>oneribm</strong></span> <span class='ocrx_word' id='word_1_39' title='bbox 717 827 935 890; x_wconf 74' lang='lat' dir='ltr'><strong>circumderb&#39;tz</strong></span> 
     </span>
     <span class='ocr_line' id='line_1_7' title="bbox 56 926 932 1001; baseline 0.003 -15"><span class='ocrx_word' id='word_1_40' title='bbox 56 933 90 986; x_wconf 88' lang='lat' dir='ltr'><strong>et</strong></span> <span class='ocrx_word' id='word_1_41' title='bbox 113 943 262 1001; x_wconf 74' lang='lat' dir='ltr'><strong>erumpere</strong></span> <span class='ocrx_word' id='word_1_42' title='bbox 289 943 375 988; x_wconf 82' lang='lat' dir='ltr'><strong>ausos</strong></span> <span class='ocrx_word' id='word_1_43' title='bbox 401 926 486 993; x_wconf 82' lang='lat' dir='ltr'><strong>lerro,</strong></span> <span class='ocrx_word' id='word_1_44' title='bbox 512 932 626 984; x_wconf 86' lang='lat' dir='ltr'><strong>ceteros</strong></span> <span class='ocrx_word' id='word_1_45' title='bbox 652 927 711 994; x_wconf 86' lang='lat' dir='ltr'><strong>siti,</strong></span> <span class='ocrx_word' id='word_1_46' title='bbox 738 929 777 986; x_wconf 85' lang='lat' dir='ltr'><strong>ad</strong></span> <span class='ocrx_word' id='word_1_47' title='bbox 804 929 932 990; x_wconf 86' lang='lat' dir='ltr'><strong>dedilio·</strong></span> 
     </span>
     <span class='ocr_line' id='line_1_8' title="bbox 56 1023 930 1102; baseline 0.002 -16"><span class='ocrx_word' id='word_1_48' title='bbox 56 1043 127 1086; x_wconf 87' lang='lat' dir='ltr'><strong>uem</strong></span> <span class='ocrx_word' id='word_1_49' title='bbox 139 1027 246 1102; x_wconf 74' lang='lat' dir='ltr'><strong>coegit.</strong></span> <span class='ocrx_word' id='word_1_50' title='bbox 289 1026 333 1086; x_wconf 89' lang='lat' dir='ltr'><strong>At</strong></span> <span class='ocrx_word' id='word_1_51' title='bbox 357 1023 515 1095; x_wconf 76' lang='lat' dir='ltr'><strong>Tiridates,</strong></span> <span class='ocrx_word' id='word_1_52' title='bbox 538 1026 707 1086; x_wconf 83' lang='lat' dir='ltr'><strong>volentibus</strong></span> <span class='ocrx_word' id='word_1_53' title='bbox 720 1025 849 1096; x_wconf 66' lang='lat' dir='ltr'><strong>Parthis,</strong></span> <span class='ocrx_word' id='word_1_54' title='bbox 874 1029 930 1088; x_wconf 85' lang='lat' dir='ltr'><strong>Ni·</strong></span> 
     </span>
     <span class='ocr_line' id='line_1_9' title="bbox 57 1123 932 1204; baseline -0.002 -18"><span class='ocrx_word' id='word_1_55' title='bbox 57 1125 228 1200; x_wconf 77' lang='lat' dir='ltr'><strong>ccpborium</strong></span> <span class='ocrx_word' id='word_1_56' title='bbox 239 1129 270 1184; x_wconf 84' lang='lat' dir='ltr'><strong>et</strong></span> <span class='ocrx_word' id='word_1_57' title='bbox 292 1123 533 1192; x_wconf 79' lang='lat' dir='ltr'><strong>Anthemusiada,</strong></span> <span class='ocrx_word' id='word_1_58' title='bbox 546 1129 717 1202; x_wconf 84' lang='lat' dir='ltr'><strong>ceterasque</strong></span> <span class='ocrx_word' id='word_1_59' title='bbox 736 1128 833 1194; x_wconf 85' lang='lat' dir='ltr'><strong>urbes,</strong></span> <span class='ocrx_word' id='word_1_60' title='bbox 844 1145 932 1204; x_wconf 80' lang='lat' dir='ltr'><strong>quaa,</strong></span> 
     </span>
     <span class='ocr_line' id='line_1_10' title="bbox 58 1224 931 1300; baseline 0 -14"><span class='ocrx_word' id='word_1_61' title='bbox 58 1225 271 1287; x_wconf 69' lang='lat' dir='ltr'><strong>Macedonibus</strong></span> <span class='ocrx_word' id='word_1_62' title='bbox 290 1225 374 1293; x_wconf 84' lang='lat' dir='ltr'><strong>sitae,</strong></span> <span class='ocrx_word' id='word_1_63' title='bbox 388 1224 505 1284; x_wconf 81' lang='lat' dir='ltr'><strong>Graeca</strong></span> <span class='ocrx_word' id='word_1_64' title='bbox 528 1227 673 1286; x_wconf 80' lang='lat' dir='ltr'><strong>vocabula</strong></span> <span class='ocrx_word' id='word_1_65' title='bbox 695 1232 847 1300; x_wconf 79' lang='lat' dir='ltr'><strong>usurpant,</strong></span> <span class='ocrx_word' id='word_1_66' title='bbox 870 1227 931 1288; x_wconf 80' lang='lat' dir='ltr'><strong>Ha-</strong></span> 
     </span>
     <span class='ocr_line' id='line_1_11' title="bbox 58 1323 933 1401; baseline 0.002 -19"><span class='ocrx_word' id='word_1_67' title='bbox 58 1327 176 1401; x_wconf 82' lang='lat' dir='ltr'><strong>lumque</strong></span> <span class='ocrx_word' id='word_1_68' title='bbox 208 1330 240 1384; x_wconf 85' lang='lat' dir='ltr'><strong>et</strong></span> <span class='ocrx_word' id='word_1_69' title='bbox 267 1323 453 1394; x_wconf 73' lang='lat' dir='ltr'><strong>Artemitam,</strong></span> <span class='ocrx_word' id='word_1_70' title='bbox 489 1324 628 1386; x_wconf 82' lang='lat' dir='ltr'><strong>Parthiae</strong></span> <span class='ocrx_word' id='word_1_71' title='bbox 656 1325 774 1400; x_wconf 79' lang='lat' dir='ltr'><strong>cupida,</strong></span> <span class='ocrx_word' id='word_1_72' title='bbox 804 1325 933 1400; x_wconf 83' lang='lat' dir='ltr'><strong>recepit,</strong></span> 
     </span>
     <span class='ocr_line' id='line_1_12' title="bbox 58 1423 929 1500; baseline 0.006 -18"><span class='ocrx_word' id='word_1_73' title='bbox 58 1423 238 1484; x_wconf 75' lang='lat' dir='ltr'><strong>ornantibus</strong></span> <span class='ocrx_word' id='word_1_74' title='bbox 266 1424 381 1499; x_wconf 76' lang='lat' dir='ltr'><strong>gaudio,</strong></span> <span class='ocrx_word' id='word_1_75' title='bbox 394 1424 443 1500; x_wconf 88' lang='lat' dir='ltr'><strong>qui</strong></span> <span class='ocrx_word' id='word_1_76' title='bbox 474 1425 665 1493; x_wconf 72' lang='lat' dir='ltr'><strong>Artabanum,</strong></span> <span class='ocrx_word' id='word_1_77' title='bbox 692 1425 822 1500; x_wconf 78' lang='lat' dir='ltr'><strong>Scythas</strong></span> <span class='ocrx_word' id='word_1_78' title='bbox 849 1427 929 1487; x_wconf 80' lang='lat' dir='ltr'><strong>iolcr</strong></span> 
     </span>
     <span class='ocr_line' id='line_1_13' title="bbox 59 1523 931 1593; baseline 0.002 -11"><span class='ocrx_word' id='word_1_79' title='bbox 59 1523 205 1590; x_wconf 75' lang='lat' dir='ltr'><strong>eductum,</strong></span> <span class='ocrx_word' id='word_1_80' title='bbox 230 1524 269 1580; x_wconf 91' lang='lat' dir='ltr'><strong>ob</strong></span> <span class='ocrx_word' id='word_1_81' title='bbox 294 1524 451 1584; x_wconf 83' lang='lat' dir='ltr'><strong>saevitiam</strong></span> <span class='ocrx_word' id='word_1_82' title='bbox 488 1525 644 1593; x_wconf 84' lang='lat' dir='ltr'><strong>exsecrati,</strong></span> <span class='ocrx_word' id='word_1_83' title='bbox 670 1541 754 1587; x_wconf 85' lang='lat' dir='ltr'><strong>come</strong></span> <span class='ocrx_word' id='word_1_84' title='bbox 782 1525 931 1588; x_wconf 73' lang='lat' dir='ltr'><strong>Tiridatis</strong></span> 
     </span>
     <span class='ocr_line' id='line_1_14' title="bbox 6 1617 934 1698; baseline 0 -16"><span class='ocrx_word' id='word_1_85' title='bbox 6 1619 49 1682; x_wconf 76' lang='lat' dir='ltr'><strong>ta</strong></span> <span class='ocrx_word' id='word_1_86' title='bbox 60 1617 220 1697; x_wconf 78' lang='lat' dir='ltr'><strong>ingenium,</strong></span> <span class='ocrx_word' id='word_1_87' title='bbox 260 1621 410 1682; x_wconf 79' lang='lat' dir='ltr'><strong>Romanas</strong></span> <span class='ocrx_word' id='word_1_88' title='bbox 443 1623 607 1697; x_wconf 74' lang='lat' dir='ltr'><strong>cerarios,</strong></span> <span class='ocrx_word' id='word_1_89' title='bbox 634 1625 799 1698; x_wconf 74' lang='lat' dir='ltr'><strong>spumant.</strong></span> <span class='ocrx_word' id='word_1_90' title='bbox 838 1623 934 1688; x_wconf 82' lang='lat' dir='ltr'><strong>Pluri-</strong></span> 
     </span>
     <span class='ocr_line' id='line_1_15' title="bbox 59 1719 932 1796; baseline -0.003 -14"><span class='ocrx_word' id='word_1_91' title='bbox 59 1737 138 1782; x_wconf 82' lang='lat' dir='ltr'><strong>uurnr</strong></span> <span class='ocrx_word' id='word_1_92' title='bbox 146 1719 322 1780; x_wconf 75' lang='lat' dir='ltr'><strong>amlauonu</strong></span> <span class='ocrx_word' id='word_1_93' title='bbox 337 1723 531 1782; x_wconf 75' lang='lat' dir='ltr'><strong>Seleucenses</strong></span> <span class='ocrx_word' id='word_1_94' title='bbox 545 1722 677 1792; x_wconf 81' lang='lat' dir='ltr'><strong>induere,</strong></span> <span class='ocrx_word' id='word_1_95' title='bbox 691 1721 799 1780; x_wconf 86' lang='lat' dir='ltr'><strong>civitas</strong></span> <span class='ocrx_word' id='word_1_96' title='bbox 814 1727 932 1796; x_wconf 57' lang='lat' dir='ltr'><strong>potone</strong></span> 
     </span>
     <span class='ocr_line' id='line_1_16' title="bbox 59 1819 932 1896; baseline 0.002 -18"><span class='ocrx_word' id='word_1_97' title='bbox 59 1823 143 1893; x_wconf 81' lang='lat' dir='ltr'><strong>septa</strong></span> <span class='ocrx_word' id='word_1_98' title='bbox 156 1819 255 1889; x_wconf 84' lang='lat' dir='ltr'><strong>muris,</strong></span> <span class='ocrx_word' id='word_1_99' title='bbox 281 1837 376 1896; x_wconf 84' lang='lat' dir='ltr'><strong>neque</strong></span> <span class='ocrx_word' id='word_1_100' title='bbox 403 1821 435 1880; x_wconf 90' lang='lat' dir='ltr'><strong>in</strong></span> <span class='ocrx_word' id='word_1_101' title='bbox 449 1823 601 1882; x_wconf 87' lang='lat' dir='ltr'><strong>barbarum</strong></span> <span class='ocrx_word' id='word_1_102' title='bbox 623 1827 766 1896; x_wconf 82' lang='lat' dir='ltr'><strong>corrupta,</strong></span> <span class='ocrx_word' id='word_1_103' title='bbox 779 1823 832 1880; x_wconf 89' lang='lat' dir='ltr'><strong>sed</strong></span> <span class='ocrx_word' id='word_1_104' title='bbox 860 1839 932 1880; x_wconf 83' lang='lat' dir='ltr'><strong>oon-</strong></span> 
     </span>
     <span class='ocr_line' id='line_1_17' title="bbox 58 1916 931 1996; baseline 0.003 -20"><span class='ocrx_word' id='word_1_105' title='bbox 58 1916 160 1978; x_wconf 89' lang='lat' dir='ltr'><strong>ditoris</strong></span> <span class='ocrx_word' id='word_1_106' title='bbox 186 1919 305 1980; x_wconf 78' lang='lat' dir='ltr'><strong>Seleuci</strong></span> <span class='ocrx_word' id='word_1_107' title='bbox 320 1921 459 1988; x_wconf 86' lang='lat' dir='ltr'><strong>reticens.</strong></span> <span class='ocrx_word' id='word_1_108' title='bbox 501 1920 656 1989; x_wconf 76' lang='lat' dir='ltr'><strong>Trecenti,</strong></span> <span class='ocrx_word' id='word_1_109' title='bbox 682 1920 785 1996; x_wconf 79' lang='lat' dir='ltr'><strong>onibus</strong></span> <span class='ocrx_word' id='word_1_110' title='bbox 807 1926 859 1980; x_wconf 88' lang='lat' dir='ltr'><strong>aut</strong></span> <span class='ocrx_word' id='word_1_111' title='bbox 882 1937 931 1979; x_wconf 85' lang='lat' dir='ltr'><strong>sc·</strong></span> 
     </span>
     <span class='ocr_line' id='line_1_18' title="bbox 61 2016 932 2094; baseline 0.002 -18"><span class='ocrx_word' id='word_1_112' title='bbox 61 2016 175 2094; x_wconf 80' lang='lat' dir='ltr'><strong>pientia</strong></span> <span class='ocrx_word' id='word_1_113' title='bbox 204 2019 324 2086; x_wconf 84' lang='lat' dir='ltr'><strong>delecti,</strong></span> <span class='ocrx_word' id='word_1_114' title='bbox 351 2025 384 2078; x_wconf 90' lang='lat' dir='ltr'><strong>ut</strong></span> <span class='ocrx_word' id='word_1_115' title='bbox 409 2021 561 2078; x_wconf 84' lang='lat' dir='ltr'><strong>Senatus:</strong></span> <span class='ocrx_word' id='word_1_116' title='bbox 587 2037 640 2078; x_wconf 85' lang='lat' dir='ltr'><strong>sua</strong></span> <span class='ocrx_word' id='word_1_117' title='bbox 666 2023 773 2094; x_wconf 79' lang='lat' dir='ltr'><strong>populo</strong></span> <span class='ocrx_word' id='word_1_118' title='bbox 799 2019 868 2078; x_wconf 83' lang='lat' dir='ltr'><strong>via:</strong></span> <span class='ocrx_word' id='word_1_119' title='bbox 888 2024 932 2090; x_wconf 86' lang='lat' dir='ltr'><strong>at,</strong></span> 
     </span>
     <span class='ocr_line' id='line_1_19' title="bbox 61 2117 933 2194; baseline -0.002 -16"><span class='ocrx_word' id='word_1_120' title='bbox 61 2117 175 2192; x_wconf 85' lang='lat' dir='ltr'><strong>qrrctiea</strong></span> <span class='ocrx_word' id='word_1_121' title='bbox 207 2120 368 2178; x_wconf 82' lang='lat' dir='ltr'><strong>concordes</strong></span> <span class='ocrx_word' id='word_1_122' title='bbox 394 2125 492 2193; x_wconf 80' lang='lat' dir='ltr'><strong>agunt,</strong></span> <span class='ocrx_word' id='word_1_123' title='bbox 524 2119 669 2194; x_wconf 82' lang='lat' dir='ltr'><strong>spernitur</strong></span> <span class='ocrx_word' id='word_1_124' title='bbox 703 2119 853 2190; x_wconf 82' lang='lat' dir='ltr'><strong>Parthus;</strong></span> <span class='ocrx_word' id='word_1_125' title='bbox 879 2117 933 2176; x_wconf 88' lang='lat' dir='ltr'><strong>ubi</strong></span> 
     </span>
     <span class='ocr_line' id='line_1_20' title="bbox 26 2217 932 2294; baseline -0.002 -18"><span class='ocrx_word' id='word_1_126' title='bbox 26 2251 34 2267; x_wconf 63' lang='grc' dir='ltr'><em>ι</em></span> <span class='ocrx_word' id='word_1_127' title='bbox 61 2217 234 2288; x_wconf 79' lang='lat' dir='ltr'><strong>dissensere,</strong></span> <span class='ocrx_word' id='word_1_128' title='bbox 252 2219 322 2278; x_wconf 90' lang='lat' dir='ltr'><strong>dum</strong></span> <span class='ocrx_word' id='word_1_129' title='bbox 347 2218 403 2276; x_wconf 87' lang='lat' dir='ltr'><strong>sibi</strong></span> <span class='ocrx_word' id='word_1_130' title='bbox 423 2218 543 2294; x_wconf 81' lang='lat' dir='ltr'><strong>quiaque</strong></span> <span class='ocrx_word' id='word_1_131' title='bbox 562 2225 664 2280; x_wconf 81' lang='lat' dir='ltr'><strong>contra</strong></span> <span class='ocrx_word' id='word_1_132' title='bbox 686 2219 814 2278; x_wconf 88' lang='lat' dir='ltr'><strong>aemulos</strong></span> <span class='ocrx_word' id='word_1_133' title='bbox 838 2217 932 2276; x_wconf 77' lang='lat' dir='ltr'><strong>sului-</strong></span> 
     </span>
     <span class='ocr_line' id='line_1_21' title="bbox 58 2311 930 2392; baseline -0.001 -17"><span class='ocrx_word' id='word_1_134' title='bbox 58 2317 142 2378; x_wconf 89' lang='lat' dir='ltr'><strong>dinm</strong></span> <span class='ocrx_word' id='word_1_135' title='bbox 168 2323 288 2385; x_wconf 86' lang='lat' dir='ltr'><strong>vocant,</strong></span> <span class='ocrx_word' id='word_1_136' title='bbox 307 2318 418 2378; x_wconf 83' lang='lat' dir='ltr'><strong>accitus</strong></span> <span class='ocrx_word' id='word_1_137' title='bbox 445 2317 476 2376; x_wconf 91' lang='lat' dir='ltr'><strong>in</strong></span> <span class='ocrx_word' id='word_1_138' title='bbox 503 2321 625 2392; x_wconf 71' lang='lat' dir='ltr'><strong>purtem</strong></span> <span class='ocrx_word' id='word_1_139' title='bbox 644 2311 797 2386; x_wconf 78' lang='lat' dir='ltr'><strong>adversim</strong></span> <span class='ocrx_word' id='word_1_140' title='bbox 824 2333 930 2376; x_wconf 81' lang='lat' dir='ltr'><strong>omnes</strong></span> 
     </span>
     <span class='ocr_line' id='line_1_22' title="bbox 61 2415 931 2492; baseline 0.005 -20"><span class='ocrx_word' id='word_1_141' title='bbox 61 2417 196 2479; x_wconf 81' lang='lat' dir='ltr'><strong>valescit.</strong></span> <span class='ocrx_word' id='word_1_142' title='bbox 251 2418 286 2478; x_wconf 94' lang='lat' dir='ltr'><strong>ld</strong></span> <span class='ocrx_word' id='word_1_143' title='bbox 308 2435 399 2492; x_wconf 85' lang='lat' dir='ltr'><strong>nuper</strong></span> <span class='ocrx_word' id='word_1_144' title='bbox 424 2415 573 2476; x_wconf 82' lang='lat' dir='ltr'><strong>acciderat</strong></span> <span class='ocrx_word' id='word_1_145' title='bbox 598 2419 751 2479; x_wconf 86' lang='lat' dir='ltr'><strong>Artabano</strong></span> <span class='ocrx_word' id='word_1_146' title='bbox 775 2425 931 2492; x_wconf 78' lang='lat' dir='ltr'><strong>regnante,</strong></span> 
     </span>
     <span class='ocr_line' id='line_1_23' title="bbox 59 2516 932 2592; baseline 0.003 -16"><span class='ocrx_word' id='word_1_147' title='bbox 59 2517 129 2592; x_wconf 85' lang='lat' dir='ltr'><strong>quid</strong></span> <span class='ocrx_word' id='word_1_148' title='bbox 144 2519 259 2591; x_wconf 82' lang='lat' dir='ltr'><strong>plebem</strong></span> <span class='ocrx_word' id='word_1_149' title='bbox 287 2516 456 2590; x_wconf 82' lang='lat' dir='ltr'><strong>primoribus</strong></span> <span class='ocrx_word' id='word_1_150' title='bbox 482 2516 663 2576; x_wconf 73' lang='lat' dir='ltr'><strong>tradiditor</strong></span> <span class='ocrx_word' id='word_1_151' title='bbox 689 2533 742 2576; x_wconf 86' lang='lat' dir='ltr'><strong>auo</strong></span> <span class='ocrx_word' id='word_1_152' title='bbox 768 2535 831 2576; x_wconf 85' lang='lat' dir='ltr'><strong>usu.</strong></span> <span class='ocrx_word' id='word_1_153' title='bbox 860 2533 932 2579; x_wconf 73' lang='lat' dir='ltr'><strong>acm</strong></span> 
     </span>
     <span class='ocr_line' id='line_1_24' title="bbox 1 2607 931 2691; baseline -0.003 -13"><span class='ocrx_word' id='word_1_154' title='bbox 1 2607 3 2611; x_wconf 6' lang='grc' dir='ltr'>ὗ</span> <span class='ocrx_word' id='word_1_155' title='bbox 60 2617 326 2691; x_wconf 79' lang='lat' dir='ltr'><strong>popullimperium</strong></span> <span class='ocrx_word' id='word_1_156' title='bbox 353 2617 435 2676; x_wconf 84' lang='lat' dir='ltr'><strong>iuxta</strong></span> <span class='ocrx_word' id='word_1_157' title='bbox 457 2615 641 2686; x_wconf 67' lang='lat' dir='ltr'><strong>libertatem</strong></span> <span class='ocrx_word' id='word_1_158' title='bbox 669 2633 824 2689; x_wconf 83' lang='lat' dir='ltr'><strong>paucorum</strong></span> <span class='ocrx_word' id='word_1_159' title='bbox 837 2616 931 2676; x_wconf 91' lang='lat' dir='ltr'><strong>domi·</strong></span> 
     </span>
     <span class='ocr_line' id='line_1_25' title="bbox 59 2713 929 2792; baseline -0.002 -16"><span class='ocrx_word' id='word_1_160' title='bbox 59 2716 142 2776; x_wconf 86' lang='lat' dir='ltr'><strong>natio</strong></span> <span class='ocrx_word' id='word_1_161' title='bbox 169 2717 281 2792; x_wconf 75' lang='lat' dir='ltr'><strong>Regiae</strong></span> <span class='ocrx_word' id='word_1_162' title='bbox 305 2715 420 2776; x_wconf 86' lang='lat' dir='ltr'><strong>libidini</strong></span> <span class='ocrx_word' id='word_1_163' title='bbox 439 2715 515 2789; x_wconf 78' lang='lat' dir='ltr'><strong>prior</strong></span> <span class='ocrx_word' id='word_1_164' title='bbox 528 2719 581 2774; x_wconf 83' lang='lat' dir='ltr'><strong>cst.</strong></span> <span class='ocrx_word' id='word_1_165' title='bbox 622 2713 703 2774; x_wconf 78' lang='lat' dir='ltr'><strong>&#39;l&#39;um</strong></span> <span class='ocrx_word' id='word_1_166' title='bbox 716 2716 929 2776; x_wconf 80' lang='lat' dir='ltr'><strong>adventantem</strong></span> 
     </span>
     <span class='ocr_line' id='line_1_26' title="bbox 61 2813 928 2888; baseline -0.001 -14"><span class='ocrx_word' id='word_1_167' title='bbox 61 2815 218 2874; x_wconf 75' lang='lat' dir='ltr'><strong>Tiridaten</strong></span> <span class='ocrx_word' id='word_1_168' title='bbox 245 2817 392 2876; x_wconf 82' lang='lat' dir='ltr'><strong>extollunt</strong></span> <span class='ocrx_word' id='word_1_169' title='bbox 412 2821 544 2876; x_wconf 86' lang='lat' dir='ltr'><strong>veterum</strong></span> <span class='ocrx_word' id='word_1_170' title='bbox 570 2813 683 2888; x_wconf 79' lang='lat' dir='ltr'><strong>Regum</strong></span> <span class='ocrx_word' id='word_1_171' title='bbox 707 2813 875 2884; x_wconf 85' lang='lat' dir='ltr'><strong>bonoribus,</strong></span> <span class='ocrx_word' id='word_1_172' title='bbox 895 2819 928 2874; x_wconf 86' lang='lat' dir='ltr'><strong>ct</strong></span> 
     </span>
     <span class='ocr_line' id='line_1_27' title="bbox 58 2911 927 2992; baseline 0.002 -20"><span class='ocrx_word' id='word_1_173' title='bbox 58 2931 132 2992; x_wconf 82' lang='lat' dir='ltr'><strong>quos</strong></span> <span class='ocrx_word' id='word_1_174' title='bbox 144 2929 247 2974; x_wconf 83' lang='lat' dir='ltr'><strong>recem</strong></span> <span class='ocrx_word' id='word_1_175' title='bbox 271 2921 351 2972; x_wconf 83' lang='lat' dir='ltr'><strong>aetus</strong></span> <span class='ocrx_word' id='word_1_176' title='bbox 370 2913 475 2988; x_wconf 80' lang='lat' dir='ltr'><strong>largius</strong></span> <span class='ocrx_word' id='word_1_177' title='bbox 502 2911 638 2972; x_wconf 84' lang='lat' dir='ltr'><strong>invenit:</strong></span> <span class='ocrx_word' id='word_1_178' title='bbox 657 2912 745 2973; x_wconf 86' lang='lat' dir='ltr'><strong>simul</strong></span> <span class='ocrx_word' id='word_1_179' title='bbox 767 2916 870 2987; x_wconf 83' lang='lat' dir='ltr'><strong>probra</strong></span> <span class='ocrx_word' id='word_1_180' title='bbox 893 2913 927 2974; x_wconf 89' lang='lat' dir='ltr'><strong>in</strong></span> 
     </span>
     <span class='ocr_line' id='line_1_28' title="bbox 60 3008 928 3086; baseline -0.005 -12"><span class='ocrx_word' id='word_1_181' title='bbox 60 3009 243 3074; x_wconf 80' lang='lat' dir='ltr'><strong>Artabanum</strong></span> <span class='ocrx_word' id='word_1_182' title='bbox 279 3011 448 3080; x_wconf 75' lang='lat' dir='ltr'><strong>fundebant,</strong></span> <span class='ocrx_word' id='word_1_183' title='bbox 468 3017 595 3071; x_wconf 75' lang='lat' dir='ltr'><strong>morra</strong></span> <span class='ocrx_word' id='word_1_184' title='bbox 622 3008 731 3086; x_wconf 75' lang='lat' dir='ltr'><strong>origine</strong></span> <span class='ocrx_word' id='word_1_185' title='bbox 750 3011 928 3082; x_wconf 70' lang='lat' dir='ltr'><strong>Arsaciden,</strong></span> 
     </span>
     <span class='ocr_line' id='line_1_29' title="bbox 57 3110 930 3188; baseline 0.002 -19"><span class='ocrx_word' id='word_1_186' title='bbox 57 3110 328 3186; x_wconf 61' lang='lat' dir='ltr'><strong>concurrerem.</strong></span> <span class='ocrx_word' id='word_1_187' title='bbox 370 3111 520 3170; x_wconf 74' lang='lat' dir='ltr'><strong>Tiridates</strong></span> <span class='ocrx_word' id='word_1_188' title='bbox 534 3129 595 3170; x_wconf 84' lang='lat' dir='ltr'><strong>rem</strong></span> <span class='ocrx_word' id='word_1_189' title='bbox 617 3113 826 3174; x_wconf 77' lang='lat' dir='ltr'><strong>Seleucensem</strong></span> <span class='ocrx_word' id='word_1_190' title='bbox 841 3130 930 3188; x_wconf 82' lang='lat' dir='ltr'><strong>popu-</strong></span> 
     </span>
     <span class='ocr_line' id='line_1_30' title="bbox 58 3207 929 3286; baseline 0.002 -18"><span class='ocrx_word' id='word_1_191' title='bbox 58 3213 89 3268; x_wconf 91' lang='lat' dir='ltr'><strong>lo</strong></span> <span class='ocrx_word' id='word_1_192' title='bbox 115 3209 263 3284; x_wconf 81' lang='lat' dir='ltr'><strong>permittit.</strong></span> <span class='ocrx_word' id='word_1_193' title='bbox 313 3208 396 3275; x_wconf 86' lang='lat' dir='ltr'><strong>lllox,</strong></span> <span class='ocrx_word' id='word_1_194' title='bbox 424 3211 605 3274; x_wconf 82' lang='lat' dir='ltr'><strong>consultans.</strong></span> <span class='ocrx_word' id='word_1_195' title='bbox 626 3226 748 3286; x_wconf 65' lang='lat' dir='ltr'><strong>warram</strong></span> <span class='ocrx_word' id='word_1_196' title='bbox 771 3207 815 3271; x_wconf 57' lang='grc' dir='ltr'><strong>ἀεὶ</strong></span> <span class='ocrx_word' id='word_1_197' title='bbox 838 3209 929 3274; x_wconf 76' lang='lat' dir='ltr'><strong>colen·</strong></span> 
     </span>
     <span class='ocr_line' id='line_1_31' title="bbox 57 3301 929 3382; baseline 0.005 -18"><span class='ocrx_word' id='word_1_198' title='bbox 57 3306 108 3364; x_wconf 83' lang='lat' dir='ltr'><strong>niu</strong></span> <span class='ocrx_word' id='word_1_199' title='bbox 120 3305 215 3382; x_wconf 82' lang='lat' dir='ltr'><strong>Regni</strong></span> <span class='ocrx_word' id='word_1_200' title='bbox 234 3301 407 3380; x_wconf 68' lang='lat' dir='ltr'><strong>capesseret?</strong></span> <span class='ocrx_word' id='word_1_201' title='bbox 426 3303 537 3363; x_wconf 83' lang='lat' dir='ltr'><strong>litterae</strong></span> <span class='ocrx_word' id='word_1_202' title='bbox 563 3308 717 3366; x_wconf 85' lang='lat' dir='ltr'><strong>Pbrabatis</strong></span> <span class='ocrx_word' id='word_1_203' title='bbox 730 3314 762 3366; x_wconf 85' lang='lat' dir='ltr'><strong>et</strong></span> <span class='ocrx_word' id='word_1_204' title='bbox 777 3309 929 3380; x_wconf 82' lang='lat' dir='ltr'><strong>Hieronis,</strong></span> 
     </span>
     <span class='ocr_line' id='line_1_32' title="bbox 56 3401 930 3484; baseline 0.01 -24"><span class='ocrx_word' id='word_1_205' title='bbox 56 3405 107 3476; x_wconf 87' lang='lat' dir='ltr'><strong>qui</strong></span> <span class='ocrx_word' id='word_1_206' title='bbox 134 3403 328 3462; x_wconf 82' lang='lat' dir='ltr'><strong>validissimas</strong></span> <span class='ocrx_word' id='word_1_207' title='bbox 360 3401 554 3480; x_wconf 77' lang='lat' dir='ltr'><strong>praefecturae</strong></span> <span class='ocrx_word' id='word_1_208' title='bbox 590 3407 772 3476; x_wconf 86' lang='lat' dir='ltr'><strong>obtinebant,</strong></span> <span class='ocrx_word' id='word_1_209' title='bbox 806 3409 930 3484; x_wconf 82' lang='lat' dir='ltr'><strong>accipit,</strong></span> 
     </span>
     <span class='ocr_line' id='line_1_33' title="bbox 55 3495 945 3586; baseline 0.016 -34"><span class='ocrx_word' id='word_1_210' title='bbox 55 3495 164 3556; x_wconf 80' lang='lat' dir='ltr'><strong>breuem</strong></span> <span class='ocrx_word' id='word_1_211' title='bbox 189 3516 299 3558; x_wconf 86' lang='lat' dir='ltr'><strong>morum</strong></span> <span class='ocrx_word' id='word_1_212' title='bbox 325 3498 515 3575; x_wconf 85' lang='lat' dir='ltr'><strong>precantium.</strong></span> <span class='ocrx_word' id='word_1_213' title='bbox 566 3501 781 3582; x_wconf 84' lang='lat' dir='ltr'><strong>Placitumque,</strong></span> <span class='ocrx_word' id='word_1_214' title='bbox 805 3506 945 3586; x_wconf 71' lang='lat' dir='ltr'><strong>opperiri¹</strong></span> 
     </span>
    </p>
   </div>
   <div class='ocr_carea' id='block_1_3' title="bbox 0 0 1086 3846">
    <p class='ocr_par' dir='ltr' id='par_1_3' title="bbox 0 0 1086 3846">
     <span class='ocr_line' id='line_1_34' title="bbox 0 0 1086 3846; baseline 0 0"><span class='ocrx_word' id='word_1_215' title='bbox 0 0 1086 3846; x_wconf 95' lang='lat' dir='ltr'><strong> </strong></span> 
     </span>
    </p>
   </div>
  </div>
 </body>
</html>
