2186 3850
146 258 223 308 uc.
239 261 277 308 o.
374 258 446 310 urs.
471 259 548 311 xm.
599 257 687 312 cnr:
703 242 826 312 4.-6,
919 237 1018 316 -353

144 417 198 470 ‘et
226 431 372 472 consensu
400 415 533 476 miiitum’
560 417 713 489 praetatus,
737 417 880 490 ‘consitis
903 417 960 475 sibi
987 423 1017 478 et

144 513 306 586 ‘exempta
331 516 504 586 capessendi
530 517 647 592 egregie
675 513 802 590 imperii’
826 517 1016 576 memorarit:

144 618 153 647 ⁸
167 630 225 686 nee
239 613 390 672 iuventam
404 614 491 672 armis
504 615 650 680 civiiibus,
665 623 714 674 aut
729 615 898 673 domesticis
912 615 1017 674 discor-

145 713 235 777 ‘diis,
249 713 405 770 imbutam:
427 716 506 772 nuiia
526 713 604 782 otiis,
625 717 720 772 nutias
739 715 870 781 iniurias,
890 730 946 772 uec
969 731 1018 772 cu·

144 812 300 886 ‘pidinem
329 813 447 870 uitioois
474 811 605 870 adferre!
658 813 737 872 Tum
765 813 903 872 ‘turmam
930 813 1023 872 futuri

144 909 364 984 ‘Principatus’
397 911 591 986 praescripsit,
628 930 664 970 ea
691 913 818 971 maxime
855 899 1025 984 declinans,

145 1027 269 1086 quorum
295 1027 399 1068 nuens
427 1011 565 1086 flagrabat
592 1011 716 1070 invidia.
761 1013 851 1070 ‘Nou
879 1014 958 1070 enim
985 1031 1017 1072 se

145 1110 350 1184 ‘negotiorum
365 1111 493 1168 omnium
507 1111 636 1168 iudicem
650 1112 720 1177 iore,
744 1117 784 1176 ut,
805 1112 912 1170 clausis
930 1129 1018 1171 uuam

146 1209 245 1266 ‘iutra
258 1211 374 1268 domum
388 1210 606 1267 adcusatoribus
620 1215 650 1265 et
665 1209 731 1278 reis,
749 1227 905 1282 paucorum
919 1216 1018 1284 poten-

144 1308 210 1366 ‘tia
230 1314 415 1384 grassaretur.
476 1309 560 1366 Nibii
582 1307 615 1365 iu
641 1307 799 1368 Penatibus
821 1309 880 1366 suis
902 1313 1019 1382 venaie,

147 1412 221 1466 ‘aut
230 1407 383 1466 ambitioni
398 1408 546 1480 pervium:
568 1405 724 1466 discretam
738 1408 855 1467 domum
868 1416 898 1467 et
913 1409 1017 1485 Remp.

147 1507 437 1582 ‘'I'eneretautiqua
460 1507 558 1565 munia
584 1507 726 1584 Senatus:
748 1509 907 1567 Consulum
932 1509 1020 1568 tribu·

146 1607 284 1664 ‘natibus
308 1607 405 1672 itatis,
425 1611 456 1663 et
480 1606 613 1680 publicae
639 1607 808 1680 provinciae
831 1608 1017 1668 adsisterent.

147 1705 221 1766 ‘iiii
235 1708 353 1765 Petrum
367 1706 476 1763 aditum
503 1707 692 1780 praeberent:
714 1723 746 1764 se
769 1708 916 1766 mandatis
937 1725 1018 1766 exer·

147 1799 276 1880 ‘'citibus
302 1803 518 1864 consulturum!
567 1805 634 1863 Nec
661 1805 750 1862 detuit
777 1807 858 1864 tides.
912 1806 1048 1866 Multa-5

147 1925 206 1984 que
233 1905 353 1964 arbitrio
367 1906 493 1964 Senatus
519 1905 775 1964 coustitutssunt:
797 1883 868 1960 ‘Ne
893 1903 957 1978 quis
981 1907 1019 1964 ad

147 2013 302 2067 ‘canuam
315 2010 454 2066 orandam
468 2006 602 2062 mercede
616 2009 666 2061 sut
689 2003 774 2060 donis
797 2007 959 2060 emeretur:
980 2019 1018 2062 ue

145 2108 327 2182 ‘designatis
339 2103 545 2179 quaestoribus
556 2103 663 2162 edendi
673 2102 847 2178 gladiatores
858 2101 1019 2160 necessitas

147 2203 265 2266 ‘esset’
286 2207 370 2280 Quod
379 2206 496 2280 quidem
508 2205 680 2266 adversante,
692 2201 865 2276 Agrippina,
875 2205 1021 2276 tunqucnr

148 2312 215 2366 acta
228 2303 343 2364 amoti
355 2303 585 2371 adsederentur,
608 2302 760 2360 obtinuere
776 2299 876 2358 Patres
890 2319 898 2355 t
922 2300 1019 2374 quiin

147 2405 289 2483 palatium
310 2407 348 2462 ob
371 2404 401 2462 id
426 2404 616 2469 sociabantur,
643 2409 674 2458 ut
701 2401 837 2467 adstaret,
864 2398 972 2456 obditis
999 2415 1019 2458 a

147 2510 232 2580 tergo
244 2505 351 2562 toribus
365 2505 434 2562 veio
446 2502 582 2568 discreta,
602 2501 677 2575 quod
694 2500 787 2558 visum
803 2504 925 2566 arceret,
938 2498 1017 2556 audi·

146 2611 210 2664 tum
231 2619 289 2662 nou
316 2602 466 2660 adimeret.
508 2601 588 2673 Quin
615 2604 646 2656 et
672 2599 776 2672 legatis
802 2597 1020 2666 Armeniorum,

146 2721 281 2765 caussam
300 2704 397 2779 gentis
416 2701 492 2775 apud
515 2701 663 2758 Neronem
682 2696 839 2765 orantibus,
858 2698 1016 2756 escendere

146 2809 315 2879 suggestum
330 2799 522 2876 Imperatoris,
543 2804 574 2855 et
594 2796 758 2872 praesidere
771 2796 856 2854 simui
878 2799 1015 2871 parabat;

146 2905 216 2972 nisi,
241 2901 348 2961 ceteris
381 2916 489 2974 pavore
519 2897 632 2966 defixis,
668 2898 784 2954 Seneca
810 2897 1019 2964 admonuisset,

143 3000 262 3062 umenti
274 2997 361 3057 narrt
373 3003 536 3057 semu.
577 2997 633 3062 lta,
643 2995 743 3067 speeie
757 2997 885 3068 pietatis,
895 2994 1015 3051 obviam

146 3103 220 3161 itum
232 3099 378 3158 dedecori.
420 3096 496 3156 Fine
507 3093 588 3162 anni,
602 3094 723 3151 turbidis
737 3094 905 3157 rumoribus,
913 3107 1011 3167 prmu-
1025 3097 1047 3152 6

141 3197 219 3280 pisse
231 3215 348 3258 rururm
368 3193 492 3254 Potitus·
504 3200 530 3251 et
548 3190 613 3268 rupi
626 3189 799 3259 Amantiam,
818 3191 947 3246 adiutum
960 3193 1015 3255 est,

140 3298 226 3380 pssiso
240 3294 434 3361 Rbudamt'sto,
448 3294 497 3370 qui
516 3309 604 3365 saepe
625 3291 720 3365 Regni
735 3289 800 3346 eius
815 3287 930 3362 potitus,
943 3285 1013 3343 dein

145 3401 370 3476 protogenem
390 3409 503 3469 quoque
523 3390 632 3450 beilum
651 3389 826 3448 deseruerat.
866 3386 967 3458 Igitur,
981 3383 1016 3440 iu

146 3497 217 3556 urbe
245 3510 411 3553 sermonum
437 3490 536 3562 arida,
568 3483 834 3563 ‘quemadmodum
862 3481 1017 3554 Primus

184 3629 254 3672 sou.
275 3630 301 3671 r.
583 3601 649 3664 ὅθ’
