2164 3846
96 215 170 286 208
426 239 610 291 durannus
731 255 736 262 ·
764 236 766 244 ’
825 243 855 290 a.
871 242 902 290 v.
917 245 970 303 ¹rra.

96 393 247 462 ‘arbitrio
271 398 418 469 postremo
445 395 771 472 Atidium-Geminum,
800 395 972 454 Praetorem

96 495 267 561 ‘Achaiam
300 493 487 555 decrevisse!
541 497 587 554 lta
617 497 778 554 secundum
802 495 971 552 Messenius

96 593 205 652 datum.
260 593 299 652 Et
328 595 484 668 Segestani
507 597 630 652 ‘aedem
666 594 804 662 Veneria,
840 602 970 652 montem

95 694 192 766 ‘apud
206 693 345 766 Erycum,
365 697 510 750 vetustate
533 693 685 768 dilapsam,
699 693 862 752 restaurari'
875 699 970 768 postu·

95 795 211 862 lavere;
232 798 301 850 nota
321 799 514 852 memorantes
533 795 570 850 de
591 793 703 868 origine
730 793 802 859 eius,
831 800 862 850 et
890 796 969 850 laeta

97 893 228 950 Tiberio.
268 893 397 967 suscepit
417 909 515 964 curam
540 893 644 959 libens,
665 899 698 950 ut
720 892 968 966 consanguineus.

97 993 186 1050 Tunc
208 997 348 1050 tractatae
370 991 598 1050 Massiliensium
624 1009 736 1066 preces,
757 994 969 1068 probatumque

96 1091 130 1148 Ρ.
159 1091 264 1150 Rutilii
290 1094 466 1166 exemplum.
496 1109 619 1168 namque
654 1109 732 1158 eum,
765 1091 880 1166 legibue
909 1093 969 1165 pul·

95 1209 168 1256 sum,
201 1192 300 1250 civem
320 1193 376 1251 sibi
411 1193 567 1266 Smyrnaei
596 1191 777 1250 addiderant.
812 1210 871 1266 quo
905 1192 967 1250 iure
1070 1213 1071 1226 ¹

95 1291 253 1348 Vulcatius
268 1291 416 1360 Moschus,
438 1293 523 1360 exul.
540 1292 571 1350 in
593 1291 794 1350 Massilienses
819 1297 966 1364 receptus,

44 1391 172 1470 44bona
190 1409 243 1448 sua
263 1391 348 1465 Reip.
369 1407 477 1460 eurum,
490 1397 521 1450 ut
536 1391 655 1465 patriae.
670 1391 835 1466 reliquerat.
876 1390 965 1448 Obie·
1070 1391 1071 1408 ¹

95 1507 126 1548 re
139 1507 176 1548 eo
195 1507 274 1548 anno
293 1491 350 1548 viri
371 1491 485 1550 nobiles
505 1491 561 1550 on.
581 1492 733 1556 Lentulus,
752 1494 783 1546 et
803 1491 840 1546 1..
863 1489 966 1548 Domi·

95 1588 161 1652 litu.
202 1591 341 1662 Lentulo,
359 1607 446 1663 super
465 1591 657 1652 Consulatum
676 1594 707 1648 et
726 1589 915 1662 triumphalia
928 1591 966 1647 de

64 1738 68 1748 .
95 1689 237 1756 Gaetulis,
251 1689 360 1764 glorias
380 1689 473 1748 luerat
484 1691 560 1748 bene
574 1692 696 1748 tolerata
711 1694 875 1764 paupertas,
894 1688 965 1746 dein

65 1799 69 1809 “
93 1805 218 1863 magnae
237 1805 309 1862 opes
328 1789 506 1848 innocenter
527 1794 655 1865 paratae,
681 1794 713 1846 et
732 1789 863 1848 modeste
884 1788 964 1846 habi·

65 1896 68 1904 “
94 1894 151 1947 tae.
192 1887 355 1946 Domitium
377 1889 530 1946 daonrmit
551 1893 641 1962 puter,
670 1887 756 1946 civili
777 1889 855 1945 bello
876 1887 963 1946 maris

67 1989 72 2004 '
94 1991 208 2063 potens,
226 1989 321 2046 donec
344 1987 469 2046 Antonii
488 1990 623 2063 partibus,
653 2005 721 2046 mox
742 1986 878 2046 Caesaris
898 1987 966 2044 mis-
1024 1977 1029 1984 ’

94 2093 217 2146 ceretur.
268 2089 352 2148 Avus
386 2087 556 2146 Pharsalica
588 2087 663 2154 acie,
693 2103 746 2160 pro
774 2085 963 2160 optimatibus

94 2188 259 2246 ceciderat:
279 2187 342 2262 ipse
370 2187 510 2255 delectus,
531 2185 579 2244 cui
599 2185 693 2244 minor
714 2185 856 2253 Antonia,
876 2186 964 2244 Octa·

95 2287 146 2346 via
165 2289 274 2363 genita,
294 2287 326 2346 in
346 2286 561 2348 matrimonium
574 2287 697 2344 deretur.
738 2285 809 2344 Post
829 2285 963 2344 exercitu

94 2387 202 2446 flumen
224 2387 326 2446 Albim
345 2385 549 2454 transscendit‚
583 2384 697 2460 longius
718 2389 871 2458 penetrata
891 2383 963 2444 [ier-

93 2475 200 2555 mauia‚
233 2505 318 2562 quarn
350 2487 502 2562 quisquam
533 2484 669 2559 priorum.
703 2501 809 2560 easque
842 2485 882 2542 ob
916 2500 962 2542 res
1070 2549 1071 2578 1

92 2585 220 2659 insignia
249 2587 387 2660 triumphi
416 2587 537 2659 adeptus
557 2589 611 2642 ert.
665 2583 747 2642 Obiit
773 2589 805 2642 et
833 2585 869 2643 L.
900 2586 962 2644 An·
1070 2587 1071 2614 ³

93 2685 199 2753 tonius,
219 2687 310 2742 multa
340 2684 516 2744 claritudine
546 2683 671 2758 generis,
700 2685 751 2742 ssd
782 2683 960 2758 intercepere.

90 2791 158 2840 nam
179 2784 352 2856 patremus,
368 2785 433 2842 lulo
453 2783 653 2852 Antoninon
673 2783 845 2840 adulterium
867 2783 962 2844 lulius

89 2886 182 2939 morte
202 2881 310 2956 punito,
332 2883 420 2951 huno,
440 2883 596 2940 admodum
609 2882 871 2949 adolescentulum,
884 2897 961 2940 soro·
1070 2959 1071 2962 Ἴ

89 2981 128 3039 ris
149 2985 296 3054 nepotem,
316 2982 444 3055 seposuit
466 2983 615 3056 Augustus
635 2979 667 3038 in
697 2979 852 3038 civitatem
885 2980 961 3040 Mus·

87 3081 315 3147 eiliensem‚'ubi
333 3081 434 3153 speeie
453 3083 614 3138 studiorum
634 3095 741 3137 nornen
762 3078 861 3140 exsilii
883 3085 960 3154 tege-

86 3186 173 3238 retur.
195 3181 310 3238 habitus
330 3184 428 3236 tamen
458 3178 600 3251 supremis
633 3179 742 3248 honor3
775 3175 900 3252 ossaque
919 3183 960 3236 tu·

84 3281 163 3336 mulo
194 3277 385 3336 Octaviorum
419 3276 511 3332 inlata
546 3293 599 3349 per
631 3277 785 3336 decretum
819 3277 957 3340 Senatus.

112 3428 200 3475 sororis
209 3427 314 3487 nepotem]
346 3425 419 3471 Natus
428 3425 487 3471 eninr
497 3440 524 3471 err
542 3427 592 3473 lulo
607 3428 708 3474 Antonio
717 3433 741 3475 et
758 3429 876 3478 Marcella
891 3431 958 3480 orta·

83 3485 134 3532 riae
151 3486 178 3532 F.
210 3486 307 3532 Consule
318 3483 411 3543 nurum
422 3488 522 3534 nostrum
532 3489 634 3534 aremus
665 3485 729 3546 tn'pr.
