2134 3826
109 213 136 260 s.
152 212 180 261 c.
197 213 235 260 rs.
332 213 411 260 csr.
439 212 464 259 1.
507 209 577 260 run.
603 141 772 262 tes-74.
936 192 981 264 61

107 371 200 426 ‘tnsnr
227 366 356 442 Augusti
377 365 467 426 simul
487 367 711 444 mancipasset
736 367 848 428 Rubrio
865 367 985 430 crimini

105 468 229 526 dnbetm
248 467 412 526 ‘victutum
433 467 559 542 periurio
587 487 693 528 numen
716 467 861 544 Augusti?
900 470 984 543 Ques

103 567 151 626 nbi
158 567 297 642 ‚Tiberio
319 573 450 634 nmuere,
477 567 595 642 scripsit
609 569 801 628 consutibns:
822 573 902 628 ‘nnn
917 568 985 627 ideo

101 667 277 724 ‘decretum
296 666 373 741 petri
393 684 447 724 sno
459 669 585 735 cneturs,
605 676 638 726 nt
649 669 681 726 in
696 667 859 744 perniciem
872 667 985 726 civium

100 765 145 823 ‘is
172 768 270 824 bonor
298 771 470 824 verteretur.
511 768 645 826 Gessium
660 768 832 830 histrionem
857 768 985 828 solitum·

98 865 196 923 ‘ister
210 867 287 923 etics
298 866 432 924 eiusdem
448 866 528 936 nnis,
541 867 683 926 interesse
703 867 787 935 indis,
801 885 872 943 qnos
893 873 986 926 meter

101 971 176 1023 ‘sne
207 965 241 1024 in
270 966 442 1024 memoriam
467 967 595 1042 Augusti
622 971 775 1024 secrnuet.
816 967 884 1024 Nec
914 983 985 1024 cnn·

101 1069 165 1123 ‘tre
179 1065 340 1140 religiones
366 1064 653 1141 fieriquodedigies
679 1065 753 1134 eius,
767 1069 798 1124 ut
816 1065 876 1124 stin
889 1065 983 1124 numi·

100 1171 192 1224 ‘num
205 1167 374 1234 stmntsera,
389 1165 608 1228 venditionibus
633 1167 781 1224 bcrtcrum
792 1170 822 1222 et
845 1166 982 1224 domnum

98 1267 276 1324 ‘accedent
298 1265 502 1324 lnsturssuum
517 1265 637 1339 perinde
656 1265 879 1335 aestimandum,
892 1282 979 1341 quern

100 1364 145 1422 ‘si
172 1366 281 1424 levem
306 1365 480 1422 teiettisset:
501 1367 619 1424 deornm
648 1365 767 1423 iniurias
792 1365 851 1422 diis
871 1363 980 1424 curse!
1029 1345 1034 1358 ⁸

99 1465 166 1523 Nec
195 1467 290 1523 mutto
316 1470 391 1538 pust,
421 1465 564 1522 Granium
596 1465 780 1533 Marcellum,
809 1465 978 1524 Praetorem
992 1457 1033 1519 74

96 1563 272 1638 Bithyniae,
287 1552 432 1638 Queestcr
445 1563 545 1638 ipsius,
566 1565 679 1638 Caepio
693 1563 859 1638 Crispinus,
873 1565 978 1624 mnies·

99 1665 167 1721 tetis
202 1663 374 1738 postulavit,
406 1663 608 1722 subscribente
645 1665 783 1723 Rcmnnn
820 1664 976 1739 Hispone:

98 1764 146 1838 qni
172 1763 299 1820 formem
320 1763 401 1820 vitae
414 1761 594 1838 iniit,=quem
610 1769 710 1838 pecten
728 1765 874 1822 celebrem
888 1765 973 1822 mise·

98 1862 159 1920 rice
173 1869 341 1936 temporum
362 1868 395 1920 et
417 1863 557 1920 eudacine
577 1863 727 1920 bominum
741 1864 881 1922 iecerunt.
906 1881 976 1922 nem

96 1979 196 2037 egene,
210 1962 344 2036 ignotus,¹
363 1962 488 2038 inquies,
507 1963 576 2020 dum
599 1963 725 2021 occuttin
748 1963 856 2022 tibetiis
879 1963 975 2022 suevi,

95 2061 155 2118 tiae
176 2060 327 2135 Principis
351 2061 475 2135 edrepit,
489 2079 558 2120 mcx
581 2062 745 2120 clarissimo
772 2063 876 2138 cuique
900 2060 976 2138 perti·

94 2162 193 2218 cutum
207 2159 337 2227 teneruit,
359 2161 521 2234 potentiam
541 2163 619 2235 epud
641 2179 741 2228 unum,
770 2163 870 2220 cdimn
896 2164 999 2238 apud·

94 2275 199 2318 omnes
231 2261 364 2332 sdeptus,
388 2259 470 2318 dedit
497 2263 675 2334 exemptum,
701 2261 779 2334 quod
804 2262 908 2328 wenti,
933 2279 973 2319 cx

94 2359 272 2433 pauperibus
290 2358 410 2426 divites,
433 2377 472 2416 ex
496 2359 672 2434 mutetis
694 2358 855 2426 nretuendi,
878 2361 978 2433 perui,

94 2457 171 2516 ciem
186 2457 254 2516 eliis
278 2475 314 2515 sc
341 2463 515 2532 pcsbemnm
528 2459 585 2516 sibi
610 2460 764 2518 invenere.
806 2459 866 2517 Sed
894 2458 971 2518 Mar·

93 2559 204 2615 cetlum
236 2556 434 2640 insimutsbst,
467 2555 598 2616 ciristrnc
625 2557 657 2615 dc
686 2555 801 2616 'liberio
830 2575 970 2618 munes

93 2653 247 2714 hebsdnse:
267 2655 647 2740 inevitabitecrinren,curu
659 2675 700 2717 ex
715 2657 840 2718 moribus
855 2659 968 2720 Princi-

92 2757 136 2830 pis
159 2755 328 2814 foedissime
347 2773 459 2830 quoquc
485 2757 627 2829 deligeret
650 2763 811 2826 accusator,
837 2760 965 2820 obiecte-

92 2859 267 2930 retqnerec.
292 2871 367 2922 nem,
380 2853 448 2929 quis
474 2871 546 2912 vern
572 2859 665 2924 erent,
689 2856 778 2916 etinnr
797 2857 877 2918 dicte
902 2877 964 2918 cre·

92 2953 243 3012 debentur.
288 2953 412 3011 Addidit
426 2953 531 3028 Hispo,
552 2958 698 3013 ‘stetunm
720 2955 857 3015 Mercetti
876 2959 963 3018 attins

92 3057 194 3128 ‘quem
209 3052 367 3110 Caesarum
386 3053 472 3110 sitnm
484 3073 491 3108 ε
505 3058 542 3109 -et
555 3053 615 3111 ntiu
641 3053 790 3123 inuictus,
813 3063 963 3131 amputato

91 3151 211 3226 ‘cupite
237 3151 373 3226 Augusti,
386 3153 510 3227 effigiem
525 3151 642 3210 Tiberii
666 3151 808 3212 inditum.⁹
827 3157 865 3214 ed
884 3157 963 3232 quod

92 3251 198 3308 exarsit
222 3251 308 3317 eden,
334 3257 376 3318 ut,
406 3256 489 3325 rupte
516 3251 726 3318 taciturnitate,
761 3255 962 3324 prcctnmnret,

92 3354 143 3407 ‘se
151 3367 268 3426 qnoque
281 3349 314 3408 in
333 3367 370 3407 ee
392 3365 496 3410 censen
513 3351 638 3408 teturunr
665 3348 841 3406 sententiam
864 3350 962 3417 putem

91 3453 138 3506 ‘et
159 3449 288 3506 iuratum
298 3447 315 3506 :’
343 3465 401 3524 quo
420 3446 527 3506 ceteris
554 3449 659 3504 eadem
680 3441 842 3502 necessitas
868 3440 960 3493 fieret.

128 3565 201 3606 vor..
227 3565 250 3604 ι.
470 3601 478 3612 ,
530 3545 549 3598 u

391 3669 408 3702 Ι
