2134 3826
119 246 195 296 ae.
216 251 249 296 n.
321 249 394 297 sm.
413 252 436 298 r.
490 251 570 300 car.
588 217 645 301 33.
665 234 724 316 34,
742 235 802 304 35.
949 239 998 307 33

120 403 218 460 audiri
246 421 381 478 coepere.
411 411 443 464 et
466 407 592 483 qnidam,
616 426 721 482 prensa
744 411 999 487 nanceianum

120 504 253 580 speciem
282 507 487 576 exosculandi,
508 507 688 566 inseruerunt
712 509 830 584 digitos,
851 516 883 568 ut
904 527 999 572 uacua

120 603 259 662 dentibus
273 623 325 662 ora
339 607 545 680 contingeret:
565 607 617 666 aiii
630 615 752 666 corvata
773 610 857 666 senio
870 612 1000 670 membra

120 705 327 762 ostendebant.
374 687 1000 783 Adsistentemconcionem.quiapermixto

122 802 289 870 videbatur,
316 804 484 862 ‘discedere
499 806 528 864 in
544 805 716 879 manipulos’
735 807 832 876 iubet3
855 809 918 866 ‘sic
941 827 999 867 nra·

122 905 201 962 ‘lius
225 905 376 962 audituros
401 922 590 976 responsum:
612 906 724 964 vexiiia
746 905 894 980 rrrnet'erri,
916 913 948 966 ut
968 908 1000 966 id

122 1007 247 1062 ‘saitem
272 1006 454 1062 discerneret
468 1003 626 1063 cobortes.’
642 1008 724 1064 tarde
746 1009 998 1080 obtemperavero.

125 1103 214 1162 'Pone
229 1103 437 1161 numeratione
457 1103 584 1180 Augusti
605 1123 698 1170 orsus,
710 1105 793 1162 desit
817 1107 853 1164 ad
867 1105 1000 1166 macrias

123 1201 333 1280 trimnpbosque
358 1201 476 1270 tiberii,
496 1205 660 1278 praecipuis
682 1203 812 1262 laudibus
836 1208 999 1276 celebrans,

123 1309 214 1378 ‘quae
236 1305 316 1375 apud
340 1301 513 1360 Germanias
527 1303 587 1384 iliis
607 1321 674 1362 curn
689 1303 851 1380 legionibus
868 1307 999 1378 putcher-

122 1403 214 1475 ‘rima
235 1399 376 1460 iecbset'
424 1401 526 1460 itotr'no
549 1403 617 1460 inde
640 1421 809 1472 corrsmmm,
834 1403 999 1464 Gallionem

114 1501 205 1582 fimas
218 1503 356 1572 extottit3
377 1499 711 1578 mtosquomtartrr'dmn,
731 1509 780 1561 not
794 1501 909 1562 discors.
952 1503 999 1563 Si·

124 1603 316 1659 ientio'haec
340 1603 389 1658 vet
413 1604 555 1659 murmure
578 1603 694 1660 modico
716 1603 814 1661 audita
836 1610 912 1662 sunt.
953 1603 998 1662 Vt
1009 1597 1049 1657 35

122 1701 302 1758 seditionem
317 1699 423 1774 attigit,
437 1708 445 1733 ⁸
457 1702 505 1758 ubi
517 1701 659 1758 modestia
673 1700 827 1760 militaris?
847 1703 897 1760 ubi
918 1707 999 1761 vete·

122 1801 181 1858 ‘ris
203 1799 382 1873 disciptinae
406 1797 518 1858 decus?
538 1818 663 1875 quonam
690 1801 828 1871 tribunos,
850 1819 907 1877 qno
930 1819 999 1860 cen·

123 1899 275 1958 ‘turiones
290 1899 458 1974 exegissent
468 1897 490 1958 i’
506 1901 652 1972 rogitans:
666 1902 775 1959 nudant
791 1901 922 1960 universi
936 1917 998 1958 cor·

121 2017 201 2073 pora,
222 2006 232 2050 ε
246 1999 403 2079 cicatrices
423 2017 462 2056 ex
484 1999 661 2066 vulneribus,
676 2003 828 2060 verberum
842 1998 934 2058 notas’
948 2017 998 2058 ex·

124 2101 278 2174 probrant:
294 2117 363 2156 mox
374 2098 539 2156 indiscretis
552 2099 671 2157 vocibus
681 2101 788 2174 ‘pretia
799 2102 998 2172 vacationum,

120 2198 296 2274 ‘angustias
311 2197 459 2269 stipendii,
469 2198 605 2256 duritiam
619 2197 758 2271 opernm,’
773 2217 808 2257 ao
818 2199 939 2272 propriis
949 2214 999 2256 no·

123 2299 251 2356 minibus
264 2298 400 2354 incusant
411 2299 546 2364 ‘vatium
557 2297 657 2364 fossas,
669 2298 777 2370 pabuli,
788 2297 935 2364 materiae,
947 2295 999 2372 tig·

122 2405 245 2454 ‘norum
265 2395 420 2469 cogemus?
431 2401 461 2452 et
473 2381 501 2454 si
512 2413 567 2471 qua
578 2397 637 2454 alia
647 2415 685 2454 ex
698 2395 873 2453 necessitate
892 2399 941 2459 aut
951 2397 1000 2454 ad·

122 2513 226 2554 versus
236 2495 328 2553 otium
340 2502 498 2552 castrorum
510 2501 696 2570 quaeruntur·
719 2494 934 2553 ·Atrocissimus
948 2513 999 2554 ve·

124 2602 291 2654 teruncium
316 2597 426 2652 ctamor
449 2595 610 2662 oriebatur3
642 2594 691 2668 qui
710 2595 821 2652 tricena
840 2601 888 2652 aut
912 2612 998 2670 snpra

123 2695 272 2767 stipendia
287 2699 481 2759 numerantes,
503 2695 685 2750 ‘mederetur
698 2694 790 2760 fessis,
804 2711 860 2750 nen
876 2701 997 2750 mortem

123 2794 175 2850 ‘in
192 2793 297 2851 iisdem
319 2792 472 2858 laboribus,
493 2793 544 2848 sed
566 2792 652 2848 finem
675 2798 733 2850 tam
754 2795 902 2849 exercitae
924 2793 997 2848 miti-

123 2901 134 2931 ¹
144 2895 315 2968 tineaeque
325 2892 442 2964 inopem
453 2891 600 2964 requiem,’
610 2893 738 2948 orabant.
750 2889 829 2946 inere
841 2891 938 2954 etiam,
948 2889 998 2964 qui

123 2997 252 3066 legatam
267 3011 284 3048 a
298 2993 369 3048 divo
384 2994 514 3063 Angusto
529 2979 681 3062 pecuniam
691 2995 885 3060 reposcerent,
897 2988 997 3044 iurastis

122 3093 155 3151 in
185 3079 396 3149 Germanicum
421 3089 585 3158 onrinibus;
606 3095 645 3154 et,
674 3089 699 3144 si
722 3091 814 3144 veliet
835 3086 999 3156 imperium,

125 3200 274 3268 promptos
285 3195 483 3248 ostentavere.
526 3188 607 3244 Tum
622 3205 700 3246 vero,
715 3186 795 3258 qusrsi
810 3186 921 3238 scetere
931 3197 1000 3234 corr·

108 3293 326 3354 ‘tamirraretnn
340 3305 482 3361 praeceps
497 3285 634 3342 tribunati
657 3282 783 3338 desituit.
805 3274 1002 3348 opposuerunt

124 3391 245 3450 abeunti
271 3395 360 3453 arma',
385 3385 565 3448 minitantes,
588 3382 617 3437 ni
632 3379 837 3450 regrederetur.
883 3370 922 3420 At
943 3364 1004 3422 itte,

126 3491 317 3550 ‘moriturum
344 3486 450 3560 potius,
472 3499 558 3558 quam
573 3479 661 3536 fidem
686 3465 826 3531 exueret,'
841 3457 1005 3516 clamitans,
1025 3546 1028 3551 Ι
