2186 3850
117 235 263 290 acon
342 232 413 282 mn.
439 233 500 282 ιιι.
550 211 812 281 crebo—37.
915 207 986 280 325

115 391 205 468 gioae
219 387 403 463 Brigantum,
431 387 593 463 petivisset,
618 387 735 446 vinctus
764 403 800 444 ac
828 384 989 444 victoribus

118 491 314 558 traditusesl,
341 505 419 546 nono
433 493 599 562 poslanno,
626 503 711 562 quem
740 487 848 544 bellum
868 485 899 542 in
928 485 992 542 Bri-

119 589 224 648 tennia
239 592 385 662 coeptum.
426 587 516 644 Vnde
526 587 600 644 lamo
618 587 691 650 eius,
704 593 811 643 evecto
826 587 947 654 insulas,
961 589 992 642 et

119 690 271 764 proximas
293 685 460 761 provincias
481 692 648 760 pervagata,
680 703 731 758 per
742 685 859 742 Italiam
880 701 992 760 quoque

119 789 339 846 celebrabatur:
360 785 544 859 avebantque
574 785 678 853 visere,
698 785 761 860 quis
794 785 844 842 ille
873 791 915 842 tol
942 801 994 858 per

120 903 216 945 annos
235 901 306 959 opes
321 889 431 942 nostras
450 885 618 956 sprevisset.
661 886 708 942 Ne
736 885 849 944 Romae
876 884 994 959 quidem

120 983 252 1060 ignobile
277 982 433 1042 carentani
462 1001 568 1040 nomen
602 989 686 1040 erat:
718 989 748 1040 el
780 983 898 1051 caesar,
924 985 993 1042 dum

121 1101 206 1143 strum
220 1085 311 1140 decus
339 1081 466 1148 extollit,
488 1081 598 1139 rddidit
619 1082 741 1156 gloriam
766 1083 856 1139 victo.
897 1082 994 1138 Voca-

123 1187 170 1242 tus
183 1182 301 1257 quippe,
311 1187 342 1238 ut
356 1182 392 1238 ad
407 1181 521 1255 insigne
535 1181 744 1254 spectaculum,
758 1181 889 1252 populus.
931 1179 995 1236 Ste-

124 1286 186 1341 tere
208 1281 240 1338 in
269 1281 355 1338 armis
377 1279 543 1338 Praetoriae
564 1279 708 1345 cobortes,
730 1295 844 1351 campo,
864 1277 913 1352 qui
934 1295 995 1336 cas·

126 1385 170 1438 lra
184 1379 343 1453 prneincel.
385 1377 474 1446 Tum,
507 1375 711 1436 incedentibus
732 1377 819 1452 regiis
839 1375 995 1446 clientelis,

70 1523 75 1532 .
125 1480 263 1564 phalerae
284 1463 472 1552 torquesque;
494 1493 624 1552 quaeque
648 1476 778 1536 externis
807 1475 890 1534 bellis
910 1495 996 1552 quae·

126 1577 225 1644 eierat,
260 1576 409 1632 traducta:
431 1591 501 1632 mox
524 1575 635 1643 iratres,
654 1579 685 1632 et
711 1575 840 1634 coniunx
868 1579 900 1632 et
917 1576 995 1634 tilis:

125 1683 274 1750 postremo
296 1673 359 1747 ipse
384 1677 555 1732 ostentatus.
596 1673 765 1733 Ceterorum
787 1691 887 1748 preces
911 1675 996 1749 dege·

125 1791 213 1834 neres
233 1773 320 1840 luere,
340 1791 380 1830 ex
406 1779 507 1830 metu:
528 1777 559 1830 al
579 1789 637 1831 non
659 1774 845 1841 Coraotacus,
865 1783 914 1831 aut
936 1775 997 1830 vul·

126 1877 157 1932 lu
186 1872 323 1938 demisso,
355 1877 405 1930 aul
436 1871 544 1940 verbis,
577 1872 804 1930 misericordiam
839 1871 997 1944 requirens.

127 1973 191 2030 Vbi
219 1971 356 2028 tribunali
375 1971 497 2037 adstitit,
517 1970 548 2028 in
562 1971 640 2029 bunc
660 1972 778 2028 modum
800 1971 911 2026 locutus
932 1976 975 2026 est
989 1986 996 2026 :
1008 1981 1049 2044 37

128 2071 192 2132 tei.
215 2076 322 2144 quanta
352 2069 488 2127 nobilitas
508 2073 539 2126 et
572 2070 686 2126 lortuna
716 2069 788 2127 milri
821 2065 883 2134 luit,
918 2072 1000 2125 lanta

127 2175 247 2228 ‘rerum
268 2185 466 2243 prosperarum
500 2167 661 2226 moderatio
688 2167 799 2235 luisset,
820 2167 930 2224 amicus
952 2183 1000 2240 po

127 2269 209 2326 ‘tius
230 2268 261 2324 in
282 2269 359 2324 lranc
379 2269 488 2332 urbem,
508 2283 594 2340 quum
614 2272 725 2340 captus,
759 2267 929 2326 venissem:
950 2285 999 2324 ne·

125 2373 207 2442 ‘que
227 2366 399 2440 dedignatus
420 2381 499 2422 esses
520 2365 606 2422 claris
636 2365 792 2423 maioribus
813 2376 918 2436 ortum,
939 2369 999 2440 plu·

128 2471 137 2500 ⁶
152 2465 232 2522 ribos
246 2464 380 2539 gentibus
396 2463 620 2536 imperitantem,
630 2463 746 2521 loedere
761 2467 843 2538 pacis
856 2467 999 2540 accipere.

128 2571 137 2598 ‘
153 2563 297 2622 Praesens
316 2581 377 2620 sors
398 2580 472 2630 mea,
491 2567 523 2619 ul
543 2561 616 2620 mihi
626 2561 766 2628 informis,
786 2563 829 2622 sic
850 2565 904 2622 libi
924 2583 1002 2642 mug-

129 2661 244 2720 ‘nitice
274 2667 328 2718 est.
349 2661 437 2719 habui
471 2677 570 2736 equos,
591 2660 679 2727 viros,
715 2677 803 2731 arma,
833 2681 913 2738 opes,
933 2667 1001 2740 quid

129 2761 268 2828 ‘mirum
289 2760 314 2816 si
334 2761 408 2817 lmec
429 2759 540 2818 invitus
561 2755 667 2817 amisi?
708 2759 788 2827 Non,
823 2761 848 2819 si
870 2779 923 2821 vos
943 2781 1002 2824 om·

131 2858 240 2918 ‘nibus
259 2857 428 2930 imperitare
450 2857 551 2925 vultis,
570 2857 707 2934 sequitur,
740 2865 772 2916 ut
791 2877 892 2920 omnes
912 2863 1002 2922 servi·

132 2964 247 3015 ‘tutem
269 2954 439 3029 accipient?
479 2956 513 3014 Si
534 2958 632 3014 stetim
653 2957 768 3016 deditus
797 2964 932 3029 traderer,
954 2979 1002 3019 ne·

131 3064 207 3134 ‘que
228 3073 294 3114 mea
325 3055 447 3125 lortuno,
479 3073 573 3130 neque
605 3061 655 3114 tue
687 3057 781 3133 gloria
809 3059 1002 3126 inclaruisset,

164 3230 310 3292 carantocus]
343 3229 439 3290 Egregie
448 3229 543 3292 quidem.
576 3229 750 3290 Egregierted
769 3231 852 3291 regiam
870 3229 1003 3288 dignitatem

132 3289 284 3350 invictamque
302 3289 450 3336 constantium
465 3289 638 3336 accommodate.
672 3289 831 3350 inexplebilem
851 3290 1002 3336 Romanorum

133 3348 280 3408 cupiditatem
299 3349 373 3405 arguit
392 3347 452 3396 idern
471 3349 621 3404 emensus,
646 3348 738 3416 visoque
765 3347 824 3392 urbis
843 3347 961 3404 splendore
978 3353 1003 3393 el

133 3406 289 3467 amplitudine,
308 3405 381 3461 Itone,
400 3407 478 3498 uspuit,
498 3419 549 3450 cum
563 3405 616 3450 leaeo
633 3405 694 3450 etlsu
733 3403 792 3448 mods*
810 3401 913 3460 babeatis,
927 3408 1003 3450 mrlrs

133 3465 251 3525 tuguriolo
261 3465 426 3522 compositis.
445 3463 556 3512 Zonaras.
567 3477 590 3521 p.
600 3465 652 3508 obt.
730 3464 746 3505 t.

175 3561 249 3603 von.
272 3561 294 3602 ι.
572 3543 609 3595 28
