2166 3834
72 199 143 270 196
417 201 600 270 iuuenum
800 224 829 270 n.
845 219 875 268 v.
892 227 943 271 rra.

69 382 77 410 ⁸
89 377 157 435 dem
172 377 325 436 redderent
339 377 485 443 exsilium,
496 378 545 435 ubi
567 378 666 452 procul
678 375 730 434 tali
742 393 822 434 more
835 382 948 451 ageret,¹

70 477 181 536 ‘filium
195 484 291 536 autem
305 479 475 553 quandoque
489 479 632 552 supplicia
643 475 853 552 sequerentur?
887 478 947 534 Ad:

69 579 290 652 reverebutque,
314 577 522 636 ‘iunoceulem
537 579 700 636 Cornutum
714 584 744 634 et
758 577 833 633 falsa
846 583 948 634 euter-¹

70 677 184 734 ‘ritum
206 677 292 752 idque
313 677 400 735 facile
414 678 577 745 intellectu,
609 677 635 736 si
659 679 852 752 proderentur
872 677 944 736 alii:

71 781 79 808 ⁸
91 793 148 834 non
164 777 243 834 enim
257 795 288 834 se
297 779 419 834 caedem
431 777 576 851 Principis
587 781 617 834 et
629 795 674 835 res
685 795 779 834 novas
791 795 851 834 uno
862 777 946 834 socio

22 893 59 950 qq
71 882 79 907 ⁸
90 875 255 951 cogitasse!
296 877 376 935 'l'unr
396 883 548 934 aecusator
566 875 618 934 Cn.
641 875 791 934 Iscnlnlmru
809 883 837 934 el
850 875 945 934 Seium

72 965 247 1032 litberorrem
271 977 424 1046 uominat3
446 995 552 1050 magno
573 979 681 1050 pudore
702 978 850 1039 Caesaris.
875 996 943 1036 cuur

71 1076 211 1148 primores
221 1077 361 1143 ciuitatis,
374 1076 470 1134 intimi
480 1077 570 1150 ipsius
579 1077 678 1145 amici,
689 1080 833 1138 Lentulus
843 1097 944 1136 senec·

72 1175 141 1232 tutis
175 1183 335 1246 extremae,
358 1177 494 1242 Tubero,
510 1177 627 1236 desecto
648 1196 779 1251 corpore,
801 1181 942 1237 tumultus

72 1273 186 1332 hostilis
208 1284 237 1332 et
263 1279 421 1336 turbandae
447 1278 532 1352 Reip.
555 1285 779 1336 arcesserentur.
823 1279 884 1336 Sed
913 1277 943 1346 bi

72 1374 187 1448 quidem
207 1377 306 1434 statim
327 1379 467 1451 exempti.
508 1380 544 1438 ln
566 1385 676 1452 patrem
696 1397 733 1435 ex
748 1379 844 1456 servis
858 1395 944 1454 quae·

71 1472 176 1530 situm:
191 1480 221 1530 ct
231 1477 364 1550 quaestio
375 1479 500 1537 adversa
511 1478 674 1536 accusatori
685 1477 747 1536 luit.
769 1477 820 1554 qui
831 1480 944 1536 scelere

71 1589 185 1638 vecors,
199 1573 284 1632 simul
299 1576 381 1649 vulgi
394 1595 507 1636 rumore
522 1578 646 1644 territus,
667 1579 772 1635 ‘robur
785 1583 815 1634 et
830 1595 945 1646 saxum,

70 1678 139 1730 ‘aut
162 1675 367 1750 parricidarum
381 1677 507 1752 'poenas'
527 1677 734 1744 minitantium,
752 1676 842 1735 cessit
865 1679 951 1735 urbe·

71 1797 106 1839 ao
118 1785 256 1840 retractus
269 1777 422 1846 Ravenna,
432 1779 554 1854 exsequi
566 1779 785 1836 accusationem
796 1778 945 1853 adigiturr

71 1899 131 1940 nou
141 1881 310 1939 occultante
322 1879 446 1938 Tiberio
457 1884 541 1936 velus
552 1879 650 1936 odium
660 1879 799 1936 adversus
809 1881 945 1937 exsulem

73 1983 225 2040 Serenum.
244 2001 246 2008 ’
267 1997 335 2038 nam
355 1983 420 2054 post
440 1979 608 2056 damnatum
625 1978 780 2046 Libonem,
795 1979 892 2036 missis
906 1973 944 2036 ad

73 2083 231 2140 Caesarem
252 2079 366 2147 litteris,
383 2081 620 2153 exprobraverat,
640 2084 742 2135 ‘suum
757 2084 871 2135 tanturn
886 2087 951 2136 stu-⁸

72 2182 171 2240 ‘diurn
197 2182 261 2240 sine
288 2180 382 2238 fructu
409 2175 525 2249 luisse?
558 2177 766 2253 addideratque
799 2179 946 2252 quaedum

72 2281 286 2350 contumacius,
307 2289 392 2356 quarn
416 2284 509 2336 tutum
533 2279 609 2352 apud
633 2295 716 2336 aures
744 2277 891 2352 superbas,
914 2282 946 2335 et

72 2381 231 2440 offensioni
259 2381 416 2456 proniores.
457 2397 493 2436 ea
520 2378 631 2437 Caesar
658 2383 731 2435 octo·
753 2382 818 2450 post
850 2395 945 2436 anuos

73 2481 181 2550 retulit,
201 2481 328 2564 medium
350 2479 471 2553 ternpus*
483 2477 565 2536 uarie
579 2495 702 2554 arguens
715 2497 724 2546 ς
745 2477 835 2534 etiam
849 2477 875 2535 si
890 2484 952 2535 tor-¹

19 2605 60 2664 30
74 2587 172 2638 meula
183 2580 351 2654 pervicacia
361 2595 511 2636 servorum
522 2583 624 2634 contra
647 2575 829 2634 euenissent.
873 2576 945 2634 Dic·

75 2680 113 2738 tis
127 2681 197 2737 dein
212 2679 376 2746 sententiis,
391 2684 440 2736 ‘ut
457 2679 583 2736 Serenus
594 2695 671 2735 more
681 2676 820 2734 maiorum
831 2676 946 2750 punire·

76 2788 84 2814 ⁶
98 2778 159 2847 lnr,'
173 2797 229 2854 quo
243 2779 368 2835 molliret
379 2778 532 2844 invidiam,
543 2776 717 2834 intercessit.
759 2776 865 2833 Gallus
879 2776 948 2833 Aen

73 2879 148 2944 nius,
163 2885 171 2911 ‘
184 2878 285 2953 Gyaro
298 2885 348 2934 aut
360 2878 481 2934 Donusa
492 2874 704 2942 claudendum,'
717 2893 785 2933 cum
799 2883 944 2942 censeret,

73 2981 103 3038 id
118 2997 229 3054 quoque
245 2978 433 3050 adspernatus
446 2984 500 3042 est,
521 2984 662 3050 ‘egenam
683 2993 775 3050 aquae
794 2981 944 3050 utramque

74 3076 225 3152 ‘insulam'
246 3077 381 3142 reterens,
402 3077 588 3150 ‘dandosque
609 3076 687 3133 vitae
708 3093 785 3143 usur,
805 3076 855 3133 cui
880 3075 943 3132 vita

73 3171 326 3234 ‘concederetur'
379 3173 426 3230 lta
454 3175 581 3230 Serenus
597 3176 759 3250 Amorgum
773 3180 943 3248 reportatur.

101 3328 191 3390 Robur]
229 3327 287 3375 enim
305 3324 388 3370 dictum
407 3323 537 3370 Tullianum
554 3325 607 3386 quia
624 3327 723 3373 roboreis
740 3328 872 3388 parietibus,
890 3330 944 3380 olim

71 3387 159 3442 saltem,
168 3391 262 3433 cinctum
273 3384 320 3430 luit.
352 3383 414 3428 Vide
423 3383 465 3428 loci
474 3384 646 3442 ‹leeeriptiouem
655 3388 713 3446 apud
723 3387 815 3433 Sallust.
826 3387 897 3436 catil,
906 3395 943 3438 ab.

73 3451 96 3512 et
106 3444 137 3514 ibi
146 3446 264 3514 Curtium..
287 3443 331 3490 Per
340 3455 419 3490 aarum
436 3440 570 3499 intelligitur
584 3458 646 3492 moos
657 3445 773 3512 Tarpeius,
786 3448 846 3494 uude
856 3449 945 3514 praecia

73 3507 138 3561 putati
148 3501 272 3550 facinorosi.
303 3499 364 3548 Era.
925 3521 928 3528 ·
