2134 3826
78 229 127 298 tu
390 256 575 304 auuamvrr
804 259 834 305 n.
851 257 881 305 v.
898 258 955 305 rsa.

79 403 237 472 ‘validum
248 405 292 466 sic
307 410 387 466 nulia
402 413 554 470 vulnerum
566 409 727 484 patientia:
750 410 816 468 sine
837 411 951 484 pudore

81 505 213 580 ‘flagitii
233 486 297 564 sine
315 524 385 566 eure
422 509 538 576 ducum,
562 509 653 576 abire,
680 509 795 583 ingere:
827 508 953 582 pavidos

81 606 241 672 ‘adversis,
268 605 346 664 inter
372 608 501 668 secunda
533 625 592 665 non
611 607 717 674 divini,
749 625 808 664 non
831 606 953 664 humaui

79 704 172 762 ‘iuris
194 721 344 764 mensores.
387 705 421 762 Si
441 705 539 764 taedio
565 707 677 764 viarum
698 723 734 763 ae
754 705 841 763 maris
861 707 953 763 finem

81 805 230 877 ‘cupianb
250 805 305 860 bac
337 803 402 862 acie
430 805 545 877 parari:
568 805 729 878 propiorem
749 805 816 862 'iam
840 804 955 871 Albim,

81 910 189 978 ‘quam
220 903 374 973 Rhenum
405 921 498 978 neque
520 905 627 962 bellurn
660 908 756 962 ultre:
791 905 879 962 modo
909 921 954 972 se,

81 1001 193 1077 ‘patris
225 1002 374 1076 patruique
407 1001 533 1076 vestigia
566 1010 756 1076 prementem,
786 1003 890 1060 iisdem
920 1002 954 1060 in

33 1117 70 1172 15
83 1109 90 1136 ‘
104 1104 186 1161 terris
208 1103 352 1161 victorem
371 1099 526 1158 sisterent'
575 1102 746 1160 Orationem
767 1101 850 1160 ducis
870 1117 954 1158 secu·

82 1209 128 1260 tus
150 1202 273 1260 militum
294 1203 394 1258 ardor:
415 1185 588 1276 signumque
610 1219 723 1275 pugnae
743 1202 852 1258 datum.
886 1201 954 1257 Nee
985 1271 991 1280 ι
1059 1249 1060 1252 ,

83 1301 235 1360 Arminius
264 1306 313 1358 sut
333 1300 425 1358 ceteri
453 1300 664 1358 Germanorum
686 1317 818 1373 proceres
838 1299 954 1356 omitte·

81 1403 151 1456 bant
172 1417 239 1456 suos
269 1399 389 1474 quisque
419 1399 543 1461 testari:
578 1400 666 1457 ‘Hos
700 1415 764 1456 esse
795 1398 954 1463 Romanos,

81 1498 226 1568 ‘Noniani
245 1498 392 1556 exercitus
412 1497 621 1574 fugacissimos,
635 1497 685 1574 qui
707 1513 744 1555 ne
759 1499 867 1554 betium
882 1499 954 1554 tole·
1059 1547 1060 1570 ¹

82 1603 212 1662 ‘rorent
233 1597 408 1655 seditionem
429 1597 594 1656 induerint:
624 1613 829 1672 quorumnam
849 1599 955 1652 onusts

83 1695 269 1754 ‘vulneribus
291 1702 381 1772 terga,
402 1713 466 1770 pars
487 1696 622 1754 ductibus
641 1701 672 1753 et
690 1695 828 1769 'procedis
848 1693 956 1756 fractos

82 1801 188 1860 ‘artus
203 1795 323 1853 irriensis
345 1813 453 1894 rursum
474 1795 614 1853 hostibus.
642 1793 773 1852 adversis
794 1793 868 1869 Diis·¹
878 1793 955 1850 obii·
1059 1785 1060 1852 ἦ

83 1895 192 1962 ‘ciant
227 1897 308 1952 uuila
333 1896 402 1954 boni
433 1913 502 1967 spe:
537 1897 662 1952 classem
692 1894 798 1968 quippe
826 1900 855 1950 et
886 1892 956 1950 arie
1059 1951 1060 1966 χ

83 1995 218 2054 ‘Oceani
246 1995 386 2070 quaesita,
407 2013 444 2052 ne
465 1994 528 2070 quis
556 1982 742 2050 venientibus
782 1997 957 2060 occurreret,
1059 1967 1060 2020 ἕ

84 2105 144 2153 ‘ne
174 2099 272 2170 pulsos
301 2099 465 2168 premeret:
495 2094 556 2160 sed,
584 2093 634 2150 nbi
656 2090 823 2150 miscuerint
844 2109 955 2158 manus,
993 2072 1015 2096 ‘⁶
1059 2077 1060 2126 3

85 2197 193 2254 ‘inane
238 2195 327 2253 victis
366 2199 518 2251 ventorum
562 2209 744 2250 remorumve
787 2191 956 2249 subsidium.
1059 2183 1060 2262 i

85 2297 305 2356 ‘meminissent
319 2295 405 2352 modo
418 2293 568 2362 avaritiae,
580 2291 770 2356 crudelitatis,
784 2289 955 2378 supert'pe:
1059 2289 1060 2360 i

85 2399 186 2455 ‘aliud
214 2397 270 2454 sibi
303 2395 453 2469 reliquum,
474 2409 561 2466 quam
579 2395 681 2448 tenere
712 2391 886 2456 libertatem,
906 2395 956 2447 aut

35 2497 180 2564 lfi‘mori
207 2503 275 2552 ante
306 2488 489 2550 servitiumi’
524 2491 575 2549 Sic
596 2507 738 2547 accensos
757 2494 787 2544 et
816 2489 957 2561 proelium
991 2502 994 2510 ·

84 2600 239 2668 noscentes
266 2593 298 2649 in
332 2609 475 2664 campum,
496 2590 544 2648 oui
571 2587 719 2646 Idistaviso
733 2605 849 2655 nomen,
873 2589 960 2645 dedu·

85 2701 163 2752 cunt.
214 2695 243 2749 is
264 2691 375 2748 medius
394 2691 471 2747 inter
491 2690 640 2764 Visurgim
655 2694 685 2746 et
700 2690 806 2754 codes,
827 2695 857 2743 ut
878 2687 958 2760 ripae

86 2787 211 2852 fluminis
240 2792 357 2855 cedunt,
371 2795 420 2846 aut
441 2789 634 2862 prominentia
649 2779 790 2844 montium
811 2785 959 2853 resistunt,

86 2891 279 2966 inaequaliter
298 2889 436 2946 sinuatur.
460 2905 536 2960 pone
557 2891 668 2960 tergum
685 2886 853 2958 insurgebat
873 2885 962 2952 silva,

88 2992 174 3050 editis
188 2992 218 3046 in
248 2992 337 3046 altum
359 2989 454 3054 ramis,
477 2994 507 3043 et
529 2985 600 3059 puri
620 2987 707 3042 humo
728 2984 803 3040 inter
827 2985 959 3040 arborum

89 3101 213 3150 truncos.
261 3092 402 3161 Grrrnpum
423 3095 453 3142 et
475 3085 565 3158 'trima
578 3087 718 3142 silvarum
741 3085 859 3140 barbara
880 3083 960 3139 acies

90 3195 200 3250 tenuit:
223 3193 278 3248 soii
310 3185 451 3245 Cherusci
480 3183 763 3256 ingemescerem
795 3181 959 3252 proeiianti·

90 3299 141 3351 bus
165 3289 303 3350 Romanis
335 3285 458 3354 desuper
475 3281 664 3337 incurrerent.
721 3281 830 3336 Noster
850 3279 959 3336 exerei-

91 3399 136 3452 tus
163 3392 206 3446 sic
235 3383 374 3444 incessit:
403 3379 560 3434 auxitiares
590 3377 671 3433 Gadi
702 3377 902 3450 Germanique
930 3379 959 3435 in

6 3515 7 3586 ἰ
89 3491 202 3544 fronte:
224 3489 286 3556 post
316 3495 386 3552 qtros
415 3475 526 3547 pedites
557 3475 720 3546 sagittarii:
750 3476 819 3531 dein
842 3481 962 3548 quatuor·

983 2667 987 2676 ι

1008 3703 1013 3718 Ι

174 3603 230 3653 Ἴει,
258 3587 288 3639 et
316 3592 382 3634 curn
409 3574 519 3634 duabus
549 3571 700 3646 praetoriis
729 3574 904 3636 cohortibus
929 3593 965 3634 uu
1059 3563 1060 3592 i
