2132 3850
96 202 144 272 62
427 227 611 278 nuunarvu
826 233 857 280 n
873 231 902 281 u.
917 235 972 282 rna.
1058 287 1059 310 χ

96 479 189 554 lgitur
203 479 259 538 (ln.
285 479 363 549 Piso,
384 481 483 554 ‘Qun
507 482 611 558 inquit,
637 486 705 542 loco
725 487 871 552 censebis,
894 485 972 544 Gae-
1058 501 1059 532 ι

96 576 188 638 ‘'sar?
208 579 233 637 al
258 579 375 653 primus,
398 581 513 640 habebo
534 584 610 657 quod
624 601 745 659 sequar:
766 585 793 642 si
814 589 881 660 post
908 602 970 643 om-

96 683 182 746 ‘nes‚
210 697 322 748 vereor,
349 698 387 738 ne
401 679 568 753 imprudens
583 681 772 742 dissentiam?
822 684 977 744 Permotue
1058 707 1059 728 ι

93 777 150 846 his,
170 783 332 854 quantoque
352 779 498 838 incautius
525 781 687 851 efferverat,
709 782 894 858 poenitentia
922 801 973 858 pa·

96 877 172 936 tiens
196 877 273 948 tulit,
292 877 408 936 absolvi
433 897 514 938 reum
541 881 710 940 criminibus
725 882 910 942 maiestatis.
931 884 970 941 de
1058 863 1059 900 i

44 979 84 1042 75
96 977 228 1052 pecuniis
256 977 422 1052 repetundis
442 981 479 1036 ad
503 980 713 1053 reciperatores
726 983 798 1040 ilum
812 987 867 1040 eat.
899 983 966 1041 Nec
1058 1003 1059 1018 ι

96 1079 215 1138 Petrum
249 1078 465 1154 cognitionibus
502 1080 634 1150 satiatus,
668 1080 785 1139 iudiciis
814 1081 969 1140 adsidebat
1058 1133 1059 1136 ,

93 1178 128 1236 in
147 1195 237 1236 cornu
251 1177 412 1247 tribunalis,
426 1196 464 1236 ne
490 1183 654 1253 praetorem
680 1180 774 1238 curuli
798 1181 971 1254 depelleret,
1058 1159 1059 1220 Ῑ

95 1279 242 1353 multaque
271 1295 308 1335 eo
338 1295 436 1336 coram
464 1279 603 1338 adversus
633 1280 774 1338 ambitum
804 1284 834 1336 et
865 1287 968 1353 poten·
1058 1325 1059 1334 ι

96 1376 168 1434 lium
188 1394 289 1449 preces
302 1377 469 1436 constituta.
494 1379 545 1435 sed
560 1379 629 1436 dum
652 1377 772 1436 veritati
795 1379 970 1448 consulitur,

95 1476 214 1534 libertas
237 1478 480 1549 corrumpebatur.
521 1477 603 1556 Inter
623 1495 696 1552 quae
722 1477 790 1534 Pius
820 1477 973 1548 Aurelius,

97 1576 231 1644 Senator,
254 1581 381 1651 questus,
401 1574 472 1633 ruolr
488 1574 620 1653 publicae
639 1577 700 1633 nice
721 1574 855 1652 mareque
879 1593 970 1652 aquu-
1058 1589 1059 1636 l

96 1673 326 1752 muulcbq'octna
339 1673 417 1732 uadis
443 1692 520 1742 aras,
540 1675 682 1760 aurilium
704 1675 822 1734 Petrum
849 1667 974 1735 invoce-
1058 1703 1059 1720 ι

96 1777 155 1834 bal.
175 1774 375 1834 resistentibus
399 1774 504 1832 aerarii
519 1774 712 1842 Praetoribus,
740 1775 878 1833 subvenit
893 1776 972 1834 Cae·
1058 1797 1059 1800 ¹

50 1873 55 1881 '
97 1892 153 1944 sar,
173 1873 353 1950 pretiumque
380 1873 496 1932 aedium
522 1873 646 1933 Aurelio
665 1873 776 1942 tribuit,
802 1876 971 1948 erogandae

97 1993 150 2050 per
169 1975 291 2031 honesta
318 1974 460 2047 pecuniae
487 1973 633 2047 cupiens:
653 1990 740 2048 quem
767 1973 904 2032 virtutem
919 1975 972 2032 diu
1058 2023 1059 2036 r

98 2072 227 2140 retinuit,
253 2089 320 2130 cnm
346 2077 459 2130 ceteras
488 2076 619 2130 exueret.
681 2071 832 2146 Propertio
860 2071 972 2139 Celeri,

98 2171 257 2242 Praetorio,
286 2171 403 2230 veniam
426 2172 537 2230 ordinis
557 2172 596 2228 ob
623 2176 823 2246 paupertatem
845 2171 971 2244 petenti,

98 2274 198 2332 decies
212 2273 376 2332 sestertium
390 2271 509 2346 largitus
533 2276 587 2336 est,
601 2271 672 2329 eatis
696 2277 853 2344 comperto,
877 2276 972 2345 pater·

98 2391 152 2432 nas
166 2374 195 2431 ei
208 2373 355 2448 angustias
379 2389 453 2428 esse.
474 2370 615 2428 tentantis
629 2372 732 2429 eadem
755 2370 828 2428 alios
848 2372 972 2444 probare

97 2489 229 2530 caussam
246 2471 368 2530 Senatui
394 2469 486 2539 iussit,
506 2469 644 2544 cupidine
664 2469 840 2538 severitatis,
863 2467 896 2527 in
923 2469 971 2527 his

98 2571 197 2640 eliam,
211 2587 284 2646 quae
298 2571 353 2627 rite
367 2569 485 2635 iaceret,
506 2571 638 2628 acerbus.
657 2569 734 2626 unde
757 2567 849 2626 ceteri
877 2569 968 2627 silen-
1058 2565 1059 2576 ³

97 2669 172 2728 tium
190 2673 220 2726 et
240 2673 439 2756 paupertatem
464 2651 642 2728 confessioni
661 2673 692 2725 et
722 2667 868 2726 beneficia
889 2686 971 2742 prae·
1058 2739 1059 2746 ἵ

97 2785 229 2846 posuere.

46 2896 86 2958 76
111 2903 113 2909 =
137 2869 253 2928 Eodem
279 2884 357 2926 anuo
379 2868 527 2926 continuis
552 2867 691 2926 imbribus
719 2872 821 2925 auctus
850 2866 971 2925 Tiberis

99 2971 186 3045 plana
200 2967 277 3025 urbis
297 2971 498 3040 stagnaverat!
519 2970 699 3026 relabentem
718 2974 820 3024 secuta
833 2971 878 3034 est
892 2967 971 3024 aedi·

97 3067 229 3128 liciorum
242 3072 273 3125 et
286 3066 435 3124 nominum
448 3073 565 3141 strages.
609 3065 702 3140 Igitur
714 3065 830 3124 censuit
846 3065 969 3124 Asinius
1058 3137 1059 3140 Ἴ

59 3227 62 3234 ,
100 3167 213 3235 Gallus,
231 3171 263 3224 ul
281 3163 348 3223 libri
370 3162 502 3242 Sibyllini
524 3162 679 3222 adirentur.
702 3164 799 3222 renuit
821 3163 970 3232 Tiberius,

98 3267 219 3342 perinde
232 3266 335 3323 divina
348 3266 529 3336 humanaque
541 3264 692 3336 obtegens.
736 3264 795 3321 Sed
810 3263 969 3322 remedium

91 3364 255 3429 ,coercendi
279 3361 404 3420 fluminis
430 3359 521 3420 Ateio
544 3359 693 3432 Capitoni,
718 3365 748 3418 el
771 3363 808 3422 L.
830 3363 970 3422 Arruntio
1058 3411 1059 3442 3

96 377 260 438 Manebant
283 377 373 439 aliam
400 384 461 440 tum
485 383 612 458 vestigia
639 383 790 444 morientis
816 385 973 446 libertatis.
