2134 3826
101 227 150 296 72
428 247 615 296 annuunt
672 207 679 226 ⁸
831 249 863 297 a.
880 247 913 297 u.
928 251 981 298 rae.

100 419 187 480 quem
208 400 339 470 emistis,
359 419 441 462 nure
464 408 599 470 exterae,
622 402 656 461 in
675 401 898 462 muneratam
914 421 982 484 reg·

68 507 235 578 saumque.
277 502 358 561 Dein
371 501 451 560 imm
465 503 593 578 Augusti
613 502 768 576 imbuitur
784 503 981 571 mundes,

99 607 131 664 et
144 621 203 661 nun
226 601 292 660 sine
306 604 391 662 eiude
413 607 511 660 nestra
521 601 668 660 deieutus.
709 601 791 660 'l'uur
803 601 842 660 G.
864 601 978 660 Geesnr

99 703 320 774 munerandae
336 701 496 760 Armeniae
504 701 652 777 deligitur.
692 700 978 770 isAriubarsanem,

99 801 212 877 origine
240 801 369 870 Medum,
396 802 436 860 ob
461 801 609 876 insignem
637 800 769 874 eorporis
795 799 919 858 tomam
947 805 979 859 et

98 903 279 977 praeeterum
301 900 440 966 animum
454 899 623 958 veientibus
646 898 798 958 Armeniis
824 899 978 972 praeieeit.

100 1000 299 1060 Ariobarmne
323 1006 415 1058 morte
435 999 556 1058 fortuita
576 1001 741 1074 ebrumpto,
765 996 888 1072 stirpem
912 999 979 1056 eim

97 1101 175 1158 haud
186 1102 365 1158 toleravere:
387 1104 557 1174 tentatoque
570 1099 698 1156 imisue
712 1097 848 1172 imperio,
861 1097 912 1155 eui
927 1075 978 1155 nu-

97 1199 379 1272 meminensque
388 1199 472 1256 brevi
487 1201 579 1271 putre,
591 1198 699 1256 ineerti
706 1198 864 1272 miniique,
877 1203 909 1255 et
916 1213 978 1256 mu-

96 1298 141 1372 gr's
150 1299 215 1355 sine
225 1300 345 1356 domiuo
355 1315 442 1374 quem
454 1298 486 1356 iu
496 1298 642 1365 libertate,
653 1297 803 1372 profugum
814 1297 977 1357 Vononem

96 1396 128 1454 iu
150 1411 270 1470 regnum
290 1397 450 1470 aenipiunt.
494 1397 556 1454 Sed
569 1396 619 1454 ubi
642 1396 775 1454 minitari
796 1396 977 1466 Artabanus,

95 1499 127 1552 et
140 1512 240 1568 parum
263 1495 385 1552 subsidii
406 1495 439 1553 in
455 1494 614 1563 Armeniis,
628 1497 687 1563 vei,
711 1495 738 1552 si
752 1500 850 1552 nostru
865 1493 898 1552 vi
916 1495 973 1552 de·

94 1593 266 1660 scinderetur,
279 1595 388 1650 betium
401 1594 541 1652 adversas
556 1595 680 1652 Parthus
694 1593 868 1651 sumendum
883 1598 971 1664 erat3

94 1697 190 1750 reeior
212 1675 337 1766 ¹Syriae,
362 1691 499 1751 Creticus
523 1693 652 1760 Silanus,
675 1693 810 1750 excitum
835 1691 975 1750 eustodiu

94 1790 263 1862 circumdat,
291 1797 431 1850 manente
468 1794 540 1850 luxu
566 1797 598 1849 et
625 1792 706 1867 regio
734 1791 864 1848 nomine.
894 1792 978 1866 qued

94 1887 250 1946 ludibrium
276 1896 309 1947 nt
332 1889 461 1965 effugere
487 1891 646 1966 agitaverit
672 1891 827 1959 Vonones,
844 1889 879 1948 iu
905 1892 979 1949 ioue

94 1988 256 2046 reddemus.

62 2088 82 2144 5
135 2085 274 2174 Ceterum
302 2086 425 2144 'l'iberio
448 2087 526 2145 haud
550 2089 696 2162 ingratum
717 2087 838 2158 aedidit,
860 2088 976 2148 turbari

94 2204 140 2243 res
154 2186 301 2255 Orientis3
321 2192 354 2244 ut
363 2203 399 2244 ea
412 2187 511 2260 speeie
524 2187 734 2245 Germanicum
744 2189 835 2245 suetis
847 2187 975 2263 legioni-

80 2287 147 2349 bus
161 2287 349 2354 abstraheret,
364 2287 506 2360 novisque
524 2286 686 2360 provinciis
708 2287 877 2362 inpositum,
901 2289 975 2347 doiu
1055 2323 1056 2329 κ

93 2384 177 2442 simui
191 2391 223 2441 et
246 2385 361 2442 ensibus
374 2385 545 2442 obiectaret.
587 2387 630 2443 Aa
653 2385 714 2454 iiie,
730 2392 842 2461 quantu
854 2387 975 2446 aerium

93 2482 125 2539 iu
148 2499 216 2540 eum
243 2483 339 2540 studia
366 2483 502 2550 miiitum,
522 2489 554 2540 et
577 2501 682 2542 averse
710 2483 804 2558 putmi
821 2488 974 2556 volantes,
1053 2523 1054 2543 r

93 2582 266 2638 celerandae
294 2582 436 2641 victoriae
466 2584 615 2652 intentior,
640 2589 766 2643 trnutare
791 2587 974 2660 proeliorum
1052 2637 1053 2649 ,

92 2677 168 2744 vias,
192 2683 222 2734 et
245 2695 320 2751 quae
344 2681 401 2738 sibi
425 2683 541 2740 tertium
566 2683 626 2740 iam
648 2701 758 2741 anuum
778 2686 974 2760 belligeranti

91 2791 182 2832 seem
205 2777 254 2831 vei
280 2793 415 2849 prospers
437 2782 628 2839 evenissent:
660 2783 779 2840 ‘Fundi
799 2783 974 2844 Germanou

90 2873 175 2930 ‘eeie
195 2879 226 2929 et
238 2873 321 2930 iustis
346 2877 433 2934 iouis:
455 2879 550 2936 iuvari
575 2881 670 2946 silvis,
694 2882 859 2954 paludibus,
883 2884 973 2942 brevi

89 2974 218 3028 ‘aestate
240 2975 275 3046 et¹
290 2981 470 3043 praematura
494 2978 617 3042 hiemen
633 2997 715 3038 auum
739 2980 866 3038 militem
888 2984 972 3043 baud

88 3068 228 3139 ‘perinde
250 3070 428 3140 vulneribus,
455 3093 541 3149 quum
565 3078 667 3149 spatiis
692 3078 841 3147 itinerum,
854 3081 971 3140 damno
1047 3081 1048 3084 ’

87 3169 246 3222 ‘armorum
260 3167 364 3225 adfici:
386 3171 476 3229 fessas
501 3173 617 3231 [initias
640 3175 842 3235 ministrandis
864 3181 972 3254 equis:

87 3263 225 3335 ‘longum
257 3263 529 3335 impedimentorum
555 3289 661 3345 agmen
697 3283 896 3348 oppurtunum
926 3282 967 3338 ad

86 3359 233 3426 ‘iusidisn
247 3361 463 3424 defensantibus
477 3367 616 3442 iniquum.
633 3375 672 3438 at,
684 3372 713 3428 si
734 3391 813 3431 mure
828 3375 969 3448 intretur,

114 3529 142 3576 0.
158 3531 249 3592 Gener]
280 3531 325 3582 ru.
337 3536 457 3598 Agrippae,
468 3538 491 3585 in
501 3538 574 3586 reditu
584 3554 612 3588 er
622 3541 663 3590 illa
671 3545 788 3603 pruvincia
797 3552 910 3600 mortuus.
