2134 3826
67 185 115 254 68
409 201 595 252 snufflvu

96 359 135 416 ni.
147 371 305 425 praereptam
316 355 440 422 ambiguo
452 357 569 423 equitum
584 357 698 423 praelia.
716 359 762 411 22.
781 355 949 416 Monumen-

97 454 154 500 tum
166 455 190 500 et
197 447 289 499 tituisu
296 461 388 497 renem
395 446 561 513 magnificas.
578 449 622 498 23.
635 445 740 500 Mitites
749 449 829 502 classe
837 453 948 506 revecti.

97 538 142 590 24.
162 535 206 588 Ea
218 541 364 602 tempestate
377 535 512 588 cadamitas
524 541 548 586 et
553 549 637 601 paene
650 537 773 590 anitium.
810 539 951 592 Recoltec·

98 623 271 696 tinausragi.
307 627 351 676 25.
370 623 558 691 Hacscrtuuo
578 632 673 677 erectas
691 627 775 679 denua
796 627 948 682 Germanas

100 716 255 781 aggreditur
267 713 440 766 Germanicus
460 715 599 780 caeditque,
612 717 693 768 simut
706 717 826 782 eentum
847 718 879 770 V
874 719 950 772 aria·

99 824 163 860 uam
174 808 277 874 recipit.
312 809 355 858 26.
378 805 452 858 Tum
465 808 541 858 retns
553 805 660 874 insectis
679 815 805 860 domatio
824 825 842 860 a
861 808 948 862 iste-

100 899 153 951 rio.
201 901 246 950 27.
265 895 333 948 Lito
346 894 454 948 Drusus
468 897 501 946 at
521 897 607 948 amieo
619 897 728 948 delatus.
764 899 808 950 28.
828 897 950 952 Accusa-

101 995 143 1041 tus
154 988 184 1040 in
195 986 301 1048 Senatu,
313 987 357 1038 29.
377 1000 459 1051 pssum
477 991 601 1059 patronos
612 1001 667 1038 non
685 988 826 1052 reperiret,
838 991 883 1040 30.
900 1003 948 1041 nec

102 1084 157 1131 tam
170 1078 273 1129 sceleris
294 1091 373 1142 quam
393 1075 524 1128 vecordiae
545 1076 665 1128 ammirei
682 1083 776 1142 posset,
798 1093 866 1129 nouo
887 1079 949 1130 iure

103 1183 189 1220 seruos
206 1165 324 1233 tcrpneri
344 1165 375 1216 in
394 1179 470 1216 suum
491 1171 568 1230 caput
588 1165 664 1216 uidit.
700 1169 743 1218 31.
764 1165 825 1218 Iam
835 1165 953 1234 suestra

103 1263 178 1310 arato
195 1255 326 1323 principe,
339 1253 408 1306 Libo
419 1270 444 1306 se
457 1254 513 1320 ipse
524 1251 648 1320 consum
685 1257 729 1306 32.
749 1255 783 1306 In
794 1255 951 1323 defunctum

103 1346 244 1400 sententiae
256 1343 424 1420 Senatorum.¹
461 1342 599 1408 Astrologi
611 1351 635 1395 et
650 1345 726 1409 magi
744 1361 776 1396 en
790 1344 871 1398 Italia
888 1349 953 1414 put·

105 1436 137 1488 si.
175 1438 218 1487 33.
236 1432 328 1485 Lreens
347 1433 469 1502 publicas
487 1433 578 1484 ieviter
596 1434 732 1495 coercitus,
745 1450 823 1500 quem
835 1435 953 1502 defendit

106 1524 228 1578 Asinius.
273 1526 317 1576 34.
351 1521 458 1574 Pisonis
479 1523 594 1582 libertas,
623 1522 796 1604 Vrgulaniae(
819 1527 952 1592 potentia.

106 1617 149 1668 35.
168 1612 212 1665 De
225 1613 301 1665 retus
315 1609 479 1680 proterendis
492 1618 624 1664 certamen
635 1613 666 1664 in
677 1611 785 1666 Senatu.
822 1619 867 1668 36.
887 1614 955 1668 Asi·
1057 1597 1058 1604 ἵ

101 1703 324 1759 ,niiseutentiade
349 1701 480 1762 Comitiis,
502 1718 519 1754 a
541 1701 651 1755 (liberio
674 1705 777 1756 reiecta.
814 1708 858 1758 37.
878 1705 955 1758 Hor-

106 1796 162 1855 tali.
184 1795 357 1847 tenaenentum
369 1793 474 1859 inopiae
494 1807 555 1844 suae
574 1794 711 1859 pascentis,
725 1794 884 1846 orationem.
907 1799 952 1848 33.

107 1901 197 1952 aspere
221 1883 318 1950 eoeipit
345 1881 487 1939 Tiberium
517 1889 605 1934 tamen
628 1883 720 1936 literis
744 1884 801 1935 eius
825 1886 955 1938 monitui!

109 1975 233 2040 largitur.
269 1975 312 2025 33.
336 1970 477 2024 Clementis
495 1971 566 2022 serni
582 1968 705 2037 facinus.
742 1972 770 2024 Is
789 1967 956 2028 Postumum

108 2063 262 2132 Agrippam
281 2079 306 2115 se
331 2061 463 2121 mentitus,
483 2061 604 2128 principi
623 2076 716 2113 curam
728 2061 827 2123 initote,
852 2066 897 2116 sed
909 2068 954 2117 40.

108 2153 229 2208 Saliustii
240 2151 330 2219 Crispi
352 2151 410 2204 daia
422 2157 517 2219 captus,
531 2150 666 2202 acciditur.
704 2155 747 2204 41.
766 2151 871 2205 Rornae
884 2155 956 2208 dedi·

112 2251 207 2298 cantur
218 2259 286 2298 noua
298 2257 386 2311 opera.

76 2335 158 2390 Anno
190 2327 314 2404 prosimu
351 2333 498 2399 triumphat
530 2330 711 2384 Gennanicus.
769 2335 811 2384 42.
834 2333 956 2401 ΛΕΜ·

112 2427 168 2479 taus
191 2442 240 2478 res
260 2422 444 2491 Cappadocum
468 2423 499 2475 in
521 2419 620 2473 Vrbem
643 2422 750 2482 accius,
772 2422 854 2488 perit.
911 2429 960 2478 43..

112 2514 209 2568 Oriens
233 2515 352 2566 turbatas
364 2512 539 2565 committitur
555 2510 730 2568 Germanum·
750 2510 963 2578 Pisouifisroci‘

111 2605 223 2664 termini,
236 2602 326 2672 Syria.
363 2605 406 2654 44.
421 2601 529 2654 Drusus
541 2603 571 2654 in
584 2601 724 2671 Ittyricum
745 2603 850 2663 missus,
863 2603 959 2657 Saeuis

114 2700 205 2748 centra
219 2691 361 2745 cneruseos
374 2692 506 2743 auritium
527 2691 681 2758 petentibus.
719 2694 762 2744 45.
782 2691 826 2743 Ita
845 2693 919 2745 inter
931 2710 958 2746 sc
1057 2735 1058 2770 3

112 2783 239 2840 discordes
255 2780 383 2833 Germani
394 2781 568 2846 accinguntur
580 2782 615 2833 ad
618 2796 746 2848 pugnam.
783 2779 912 2836 Arminii
924 2785 965 2836 ad
1057 2777 1058 2826 i

112 2889 171 2928 suos
183 2872 285 2925 oratio.-
304 2874 349 2924 46.
368 2869 528 2923 Marobodui
541 2871 603 2923 item
615 2872 649 2923 od
660 2887 728 2923 suos.
766 2871 855 2924 Atron
874 2889 957 2940 prce·
1057 2857 1058 2864 ἵ

114 2966 189 3018 lium.
234 2960 414 3014 Maroboduus
436 2976 487 3026 pro
510 2961 586 3012 uicto.
624 2966 665 3012 47.
689 2959 789 3013 Terrae
814 2969 902 3014 motus
927 2964 959 3016 iu
1057 2999 1058 3006 1

112 3053 190 3108 Asia.
227 3053 270 3104 Eo
282 3045 393 3118 afflictos
415 3051 528 3102 subleuat
550 3049 694 3106 Tiberiust
713 3055 755 3103 48.
774 3052 804 3102 in
823 3053 962 3106 aliusnon

114 3145 205 3196 minus
227 3141 352 3194 iiberaits.
389 3143 432 3190 49.
453 3139 566 3205 Templa
589 3141 714 3206 quaedam
750 3141 875 3194 dedicata.
913 3146 962 3196 50.
1057 3153 1058 3158 ’

117 3231 225 3284 Variiia
248 3230 391 3282 maiestatis
413 3229 553 3294 postulata.
590 3231 632 3280 51.
651 3227 695 3280 De
712 3229 841 3282 Praetore
863 3233 960 3285 suisti·
1057 3215 1058 3232 ¹

8 3333 9 3356 ³
115 3321 209 3372 tuendo
233 3319 370 3371 contentio.
408 3319 449 3368 52.
472 3315 672 3384 Tacfarinatem
692 3326 716 3370 et
730 3317 889 3386 Mazippam
907 3323 965 3374 bei-
1057 3345 1058 3348 ¹

114 3409 173 3462 tum
186 3411 217 3461 in
230 3405 327 3476 Africa
339 3413 468 3461 mouentes
478 3403 578 3473 suadit
587 3405 725 3460 Camillus.
764 3406 967 3478 Triumphalia
1057 3455 1058 3476 p

116 3499 141 3550 ei
152 3499 265 3552 decreta.
