2186 3850
107 253 238 322 acta
380 217 466 318 'uua
491 269 555 319 xrr.
606 269 683 318 ear.
710 254 769 320 54.
911 253 981 321 337
1064 251 1071 364 l

107 427 215 487 ludaei
229 417 364 498 speciem
385 431 488 491 motus,
516 429 579 483 orta
603 426 756 494 seditione,
779 430 931 504 postquam
945 425 981 485 0.

109 524 237 584 Caesari
265 525 342 581 haud
370 525 600 597 obtemperatum
623 531 721 595 esset3
752 525 870 599 cognita
893 525 984 582 caede

107 623 186 688 eius,
216 623 327 680 sedata.
361 625 497 680 manebat
526 631 628 691 metas,
656 641 694 681 ne
722 624 785 698 quis
815 623 982 696 Principum

110 723 219 780 eadem
232 722 419 794 imperitaret.
464 724 560 796 Atque
582 723 700 780 interim
725 723 812 780 Felix
827 722 983 794 intempea·
1074 749 1075 768 ι

109 820 185 880 tivia
199 821 335 878 remediis
349 821 458 878 delicta
482 823 672 888 accendebat,
686 825 801 879 aemulo
813 823 850 878 ad
866 817 985 878 deterri·
1075 865 1076 872 ,

110 936 165 978 ma
175 918 320 976 Ventidio
329 920 472 986 Cumano,
483 919 531 976 cui
550 937 614 992 pars
628 920 797 993 provinciae
811 921 984 976 habebatur:
1076 983 1077 990 ἵ

112 1017 160 1076 ita
174 1017 288 1081 divisis,
304 1024 336 1075 ut
351 1018 419 1075 huic
434 1017 632 1076 Galilaeorum
646 1020 744 1087 natio;
767 1017 864 1076 Felici
887 1021 986 1074 Sama·
1006 1029 1008 1038 ⁴
1077 1034 1078 1080 l

111 1115 187 1174 ritae
222 1121 364 1188 parerent,
391 1114 538 1171 discordes
565 1113 635 1171 olim
660 1120 691 1172 et
724 1119 793 1178 tum,
816 1120 985 1185 contemptu
1078 1175 1079 1184 χ

112 1212 289 1285 regentium,
328 1213 423 1270 minus
457 1213 594 1270 coercitis
631 1213 715 1270 odiis.
757 1213 849 1286 igitur
873 1219 984 1283 raptare
1079 1254 1080 1266 ,

111 1311 193 1370 inter
211 1329 253 1379 ae,
263 1311 412 1369 inmittere
427 1314 569 1369 latronum
593 1314 704 1386 globos,
728 1329 902 1384 componere
916 1310 984 1368 iasi-
1080 1365 1081 1380 ,

112 1411 191 1474 dias,
219 1414 250 1466 et
277 1409 433 1484 aliquando
457 1411 574 1482 proeliis
600 1411 749 1485 congredi,
778 1412 926 1486 spoliaque
953 1413 984 1466 et

111 1509 236 1584 praedas
246 1510 283 1565 ad
298 1509 500 1568 Procuratores
513 1510 629 1567 reterre.
672 1511 767 1584 Hique
792 1511 884 1583 primo
896 1513 983 1566 laeta·

110 1607 147 1676 ri,
162 1625 232 1666 mox
244 1607 385 1681 gliscente
399 1607 539 1680 pernicie,
553 1625 619 1666 cum
634 1625 713 1666 arma
730 1610 854 1668 militum
868 1609 983 1682 interje-

112 1707 235 1773 cassem,
256 1705 337 1762 caesi
360 1705 477 1764 milites.
518 1706 702 1782 Arsisaetque
720 1709 798 1766 bello
819 1707 983 1782 provincia,

112 1806 147 1864 ni
163 1805 338 1877 Quadratus,
354 1803 458 1878 Syriae
483 1809 587 1870 rector,
613 1807 806 1862 subvenisset.
847 1809 913 1862 Nec
933 1805 983 1862 diu

110 1905 253 1962 adversar
268 1903 401 1971 ludaeos,
415 1902 505 1977 quiin
524 1920 625 1961 necem
647 1903 771 1960 militum
786 1907 984 1976 proruperant,

110 2001 286 2066 dubitatum,
300 2001 368 2076 quia
383 2001 480 2075 capite
505 2019 615 2074 poenas
637 2004 770 2058 luerent:
792 2001 939 2058 Cumanus
951 2005 984 2057 et

110 2101 206 2160 Felix
217 2099 434 2156 cunctationem
448 2099 625 2171 adferebant,
638 2099 705 2174 quia
715 2097 983 2166 Claudiua‘caussis

112 2199 284 2257 rebellionis
308 2197 422 2263 auditis.
447 2199 491 2255 ius
514 2199 660 2256 statuendi
674 2198 763 2255 eliam
787 2199 824 2254 de
846 2197 983 2256 Procura-

112 2297 225 2356 toribus
244 2297 371 2353 dederat.
414 2297 474 2354 Sed
489 2298 652 2370 Quadratus
674 2295 806 2354 Felicem
821 2297 897 2352 inter
909 2295 982 2354 iudi·

112 2413 167 2456 ces
180 2395 350 2460 ostentavit,
373 2401 521 2468 receptum
545 2396 576 2454 in
601 2395 736 2461 tribunal,
757 2412 813 2469 quo
826 2394 921 2452 studia
934 2395 984 2451 ad·

112 2495 279 2554 cusantiam
301 2495 531 2552 deterrerentur:
567 2495 776 2570 damnatusque
800 2493 982 2569 flagitiorum,

147 2649 243 2707 cogatur
253 2650 316 2696 caede
325 2650 414 2756 Catil]¹⁴
431 2649 522 2698 Lacuna
532 2651 569 2698 hic
577 2657 601 2698 et
618 2651 701 2707 hiatus,
710 2664 774 2712 quem
784 2655 859 2697 tamen
869 2649 898 2696 ab
914 2648 983 2697 hirto·

112 2707 149 2755 ria
159 2707 225 2754 facile
235 2709 354 2769 explevero
415 2709 475 2766 angit
491 2710 549 2756 enirn
561 2714 643 2756 motum
653 2711 716 2757 illum
731 2711 874 2764 ludaeorum,
890 2709 928 2770 qui
938 2710 982 2760 (la-

113 2767 187 2826 ligula
202 2767 232 2813 im
248 2772 325 2814 arante
340 2768 390 2824 tuit,
407 2768 444 2817 ob.
454 2774 540 2816 statuar
549 2769 596 2816 eius
605 2770 628 2815 iu
638 2776 683 2816 tem
700 2769 786 2827 loerigi
800 2775 825 2816 et
843 2769 887 2818 coli
904 2769 981 2828 iussae,

115 2823 210 2872 Tacitus
246 2861 250 2870 .
267 2831 289 2878 5,
303 2827 326 2871 9.
341 2825 405 2872 Dein
413 2825 471 2872 ioasi
479 2843 492 2872 a
502 2827 529 2874 C.
546 2827 639 2874 Cursore
656 2785 749 2886 alaricum
765 2829 848 2876 alarin
858 2828 935 2884 tempto
951 2830 982 2875 lo·

115 2897 175 2938 cara,
184 2898 248 2930 arran
256 2884 330 2942 partim
339 2898 449 2932 murare:
464 2899 528 2945 quem
537 2891 620 2932 motura
633 2885 735 2934 Gomara
750 2902 808 2934 mors
820 2887 917 2936 diremit.
949 2889 982 2936 lar

114 2948 177 2996 disce
186 2962 232 2994 rem
242 2961 352 2994 omaeme
368 2950 463 3012 losepho
472 2955 494 3004 2,
507 2954 539 2999 ltl.
557 2953 668 3003 ‘Amana
682 2953 735 2999 item
753 2989 758 2999 .
775 2951 895 3018 'damea
913 2958 946 3010 18,
957 2957 979 3002 a.

114 3007 207 3062 Tangit,
218 3009 305 3061 adsero,
314 3005 377 3052 illam
387 3015 480 3060 motum.
497 3016 627 3068 argumento
636 3012 697 3058 claro
706 3011 728 3058 iu
736 2969 772 3058 iris
781 3017 854 3059 vernis
865 3035 870 3058 ι
886 3013 981 3071 Cognata

114 3067 179 3112 corde
190 3065 248 3112 caii.
267 3066 312 3112 Et:
327 3067 429 3111 marrelnt
439 3071 515 3121 metus.
525 3068 602 3127 cepada
612 3068 826 3128 Principumeadem
835 3073 979 3128 imperitaret.

18 3143 20 3148 a
115 3123 238 3176 Quintiae
248 3120 378 3170 medicinam
389 3125 499 3180 adierunt,
509 3126 621 3172 aberrant.
654 3129 697 3176 Sed
723 3127 980 3190 uidhoc,inqoiunt.ad

114 3181 224 3232 Felicem.
240 3184 277 3244 qui
289 3188 353 3228 tanto
362 3190 414 3242 post
424 3185 548 3233 successit?
562 3185 621 3231 Nam
632 3185 671 3232 ille
686 3189 775 3248 quadem
793 3195 865 3233 motus
877 3186 981 3234 Petronio

113 3241 265 3288 Procuratore
283 3240 332 3286 luit.
373 3241 459 3296 Dicam,
477 3243 559 3304 repetit
578 3257 624 3290 rem
642 3246 672 3291 ab
689 3248 738 3292 alto
756 3247 856 3299 Tacitus.
876 3249 900 3290 et
917 3243 981 3289 initia
1015 3238 1019 3251 ⁸

114 3307 218 3404 meet
225 3305 324 3347 maurum
333 3305 466 3354 renatorum.
476 3315 530 3363 quoa
540 3303 601 3350 auxit
617 3305 760 3368 accenditque
769 3303 844 3350 infelix
853 3303 896 3350 iate
907 3299 979 3348 Felix.

145 3436 275 3484 Damnatus
283 3435 436 3546 flugittamnnj
469 3441 553 3500 Aperte
569 3439 638 3497 magia
650 3444 675 3485 et
683 3438 788 3486 distincte
801 3436 896 3495 scriptor
904 3437 981 3484 ludae-

116 3509 149 3544 us.
182 3493 406 3556 Netatatluadrato
436 3503 548 3545 emortum
562 3493 825 3554 Cummn‚sedipmm
834 3507 884 3542 nrm
899 3495 981 3544 Celere

117 3578 121 3583 '
154 3593 227 3634 voa.
248 3593 268 3633 a.
550 3579 588 3631 29

1067 155 1070 248 l

1070 378 1072 448 l
