2172 3842
25 347 33 358 ,
86 283 123 328 xx
411 274 633 330 rarsmmo.

6 417 8 476 ἒ
87 431 282 518 temporibus
309 432 511 510 rarissimum,
541 433 661 497 animus
691 451 795 517 neque
821 433 961 498 libertati
1079 413 1080 450 ³

87 538 237 614 infensus,
262 561 364 622 neque
387 541 540 604 adversus
564 541 758 603 dominantes
777 553 985 608 contumax..
1079 543 1080 584 t

131 645 269 709 Primum
293 647 454 710 scribendi
481 657 696 729 argumentum
723 647 858 733 sumpsit
880 656 958 712 tem·

87 772 197 838 porum
215 774 341 816 suorum
360 753 543 830 Historias,¹
558 775 637 837 quas
653 775 670 816 a
687 754 824 818 Neronis
840 755 901 817 fine
918 753 960 816 ad

48 893 50 900 ι
88 859 259 922 Domitiani
276 881 385 922 necem
402 860 548 923 facillima
563 870 595 923 ct
618 861 775 924 uberrima
791 883 871 925 vena
886 882 958 946 pro·

87 975 217 1029 secutus
244 975 304 1042 est,
335 967 414 1030 recti
444 968 576 1050 verique
607 969 772 1053 pervicax,
804 969 871 1033 siue
897 969 959 1031 ulla

87 1074 267 1136 assentandi
283 1081 335 1136 aut
348 1075 530 1138 criminandi
548 1075 688 1137 libidine.
735 1075 813 1139 Pars
830 1076 959 1160 quidem

87 1181 192 1265 operis
210 1182 342 1243 maxima
366 1182 479 1266 periit:
505 1190 629 1244 manent
653 1191 755 1246 tamen
773 1183 868 1259 initia,
886 1182 958 1266 quis

87 1308 147 1350 non
162 1287 253 1349 modo
266 1307 418 1371 expressa
434 1309 527 1350 avara
538 1295 569 1350 et
585 1309 703 1374 anceps
717 1287 837 1351 Galbae
848 1310 959 1352 senec·
1014 1325 1017 1332 ,

86 1401 148 1467 tua,
170 1413 325 1478 praecepa
351 1378 486 1456 Othonis
514 1378 651 1469 ambitio,
679 1396 784 1476 segnis
808 1403 840 1458 et
864 1395 959 1476 foeda

87 1500 211 1562 Vitellii
228 1501 392 1581 ingluvies,
417 1501 474 1562 sed
491 1509 522 1563 et
539 1501 690 1563 bellorum
708 1501 845 1564 civilium
862 1510 957 1578 artes,

86 1606 289 1690 fraudesque,
313 1615 345 1670 et
366 1607 498 1682 scelera,
520 1607 637 1691 majore
660 1615 727 1670 arte
748 1608 901 1671 incertum
919 1629 958 1673 an

84 1713 312 1799 prudentia,ad
323 1713 418 1775 totius
432 1714 501 1776 aevi
513 1713 746 1790 documentum,
755 1715 957 1798 deteguntur.

86 1819 217 1883 Utinam
235 1820 324 1883 nobis
342 1841 401 1882 non
418 1821 584 1884 invidisset
604 1830 728 1906 tempus
745 1829 865 1906 partem
882 1825 958 1886 alte·

40 1943 42 1948 ’
86 1947 162 2002 ram,
179 1949 259 2010 quae
276 1927 439 2012 providam
456 1927 650 2012 Vespasiani
670 1940 818 2006 mentem,
828 1930 957 2006 breves,

85 2055 187 2116 eoque
205 2035 354 2110 cariores,
378 2011 447 2096 'I'iti
464 2037 609 2110 virtutes,
626 2036 827 2120 explicabat!
861 2037 957 2102 Haec

86 2140 212 2224 quidem
240 2141 368 2203 Flaviae
392 2140 503 2202 domus
528 2142 644 2202 decora
667 2141 849 2224 excepisset
866 2149 958 2206 atrox

49 2325 50 2328 Ἴ
86 2247 260 2310 Domitiani
276 2246 426 2330 nequitia.
472 2245 530 2322 At,
547 2247 598 2308 vel
615 2245 694 2308 iuter
710 2246 825 2308 acerba
837 2246 957 2311 Princi-

85 2355 134 2439 pis
156 2354 282 2436 flagitia,
305 2373 430 2437 quae,a
452 2337 637 2434 gravissimo
660 2351 817 2438 scriptore
842 2373 958 2416 memo·

73 2471 160 2537 rata,
187 2461 321 2523 luissent
351 2481 527 2542 magnarum
556 2459 778 2541 cogitationum
809 2460 956 2540 secunda,

80 2568 227 2652 jurasset
257 2567 372 2642 adhuc,
404 2567 489 2649 quod
524 2566 699 2628 summatim
730 2565 817 2629 initio
847 2569 955 2653 operia

84 2677 154 2760 ipse
171 2674 306 2737 Tacitus
330 2672 493 2759 prodidit,²
508 2669 609 2758 ampla
632 2675 781 2736 virtutum
799 2677 956 2760 exempla,

84 2803 247 2866 supremas
265 2781 417 2843 clarorum
442 2780 579 2842 virorum
604 2780 822 2856 necessitates,
842 2781 956 2866 ipsam·

84 2910 146 2972 que
170 2888 390 2950 necessitatem
414 2887 536 2948 fortiter
563 2887 723 2948 toleratam
747 2907 954 2969 cognoscere.

82 2996 264 3078 Numquam
276 2994 357 3056 enim
374 2975 623 3055 illustriorasunt
634 2993 758 3055 virtutis
772 2995 955 3072 certamina,

83 3123 176 3186 quam
193 3122 264 3165 cum
282 3100 389 3163 durius
414 3101 585 3184 premitur3
609 3107 651 3175 et,
669 3107 703 3162 ut
719 3099 800 3163 inter
816 3107 953 3186 tempes-

83 3216 181 3274 tatum
205 3207 331 3270 horrida
354 3207 492 3269 acriores
516 3207 652 3269 emicant
678 3206 777 3288 ignes,
802 3208 848 3270 sic
872 3209 954 3272 inter

84 3324 260 3402 temporum
273 3315 338 3377 sera
351 3313 487 3376 vividior
501 3313 672 3399 puriorque
685 3314 826 3396 exsurgit
839 3314 952 3380 virtus.

166 3487 209 3536 cit.
220 3485 281 3534 Hist.
294 3485 312 3542 l,
322 3489 342 3532 l.
360 3484 442 3532 nonai.
452 3484 495 3542 xl,
508 3487 539 3533 11.
690 3483 786 3534 'Tacib
797 3483 858 3536 Hist.
871 3487 889 3546 l,
900 3490 921 3536 3.
1032 3561 1034 3565 ,
