2164 3846
120 235 246 288 acm
375 235 447 285 nra.
471 233 519 288 vr.
570 235 649 287 oar.
686 213 719 286 6.
737 217 771 286 7.
918 215 993 286 243

121 391 304 459 verberibus,
317 389 359 460 ita
372 391 507 462 saevitis,
520 391 652 463 natutae,
671 391 756 451 natis
769 389 920 459 consuitis,
933 391 1012 475 αἰχ·

119 509 184 550 mus
218 491 404 550 dilaceretur.
443 491 549 566 quippe
588 491 743 550 Tiberium
778 507 837 550 uon
870 489 1010 558 tortuua‚¹

119 607 182 650 non
210 589 383 648 solitudines
411 593 612 666 protegebant,
636 589 707 667 quin
730 593 874 648 tormenta
896 593 994 664 pecto·

119 689 161 748 ria
174 706 300 764 suasque
320 689 383 763 ipse
404 707 513 764 poenas
537 690 683 750 fateretur.
726 689 815 758 Tum,
840 689 918 748 taeta
941 681 1024 747 Par-i

74 787 79 793 ’
120 788 215 846 tribus
239 793 384 861 potestate
405 789 553 848 statuendi
575 791 612 848 de
634 789 828 848 ‘Caeciliano
843 789 995 859 Senatore‚

119 892 129 922 ⁸
140 887 190 962 qui
200 887 324 960 piurima
337 889 492 946 adversum
507 888 625 947 Cottam
637 888 833 962 prompserat?
846 887 995 960 placitum,

119 987 266 1044 ‘eandem
293 1003 418 1060 poenam
441 987 578 1062 inrogari,
605 1004 691 1062 quarn
715 987 747 1044 in
781 986 936 1046 Aruseium
964 991 995 1046 et

119 1091 129 1118 ⁸
142 1084 345 1159 Sanquinium,
354 1093 539 1144 accusatores
550 1087 585 1144 1..
608 1084 760 1153 Arruntii*
774 1103 831 1160 quo
844 1103 904 1142 uon
914 1085 994 1143 atiud

120 1183 362 1242 honorificentius
373 1183 480 1242 Cottae
491 1183 610 1256 evanit;
630 1184 678 1260 qui
691 1184 797 1242 nobilia
806 1185 932 1260 quidem,
941 1185 995 1254 sed

116 1299 213 1356 egens
227 1283 266 1339 ub
279 1283 388 1348 luxum,
403 1282 578 1357 pertingitis
592 1283 718 1354 infamis,
732 1282 924 1341 sanctissimis
940 1285 994 1342 Ar·

120 1381 210 1440 ruutii
224 1381 333 1438 artibus
345 1381 490 1456 dignitate
505 1379 625 1441 ultiouis
638 1385 824 1458 aequabatur.
866 1381 992 1456 Quintus

121 1480 270 1538 Servaeus
281 1481 410 1553 posthac,
421 1488 452 1538 et
463 1481 605 1540 Minatius
617 1483 763 1542 Thermus
774 1482 904 1541 inducti:
925 1485 992 1542 Sar·

119 1595 222 1646 rasus,
252 1580 394 1638 Praetura
426 1579 552 1648 iunctus,
581 1587 613 1639 et
641 1583 785 1657 quondam
818 1581 992 1640 Germanici

118 1695 236 1738 comes:
273 1677 429 1751 Minucius,
456 1681 592 1756 Bouestri
618 1683 703 1752 loco;
732 1683 864 1740 modeste
891 1677 992 1738 habita

120 1777 224 1837 Seiani
245 1777 391 1838 amicitia:
411 1781 489 1838 uude
513 1780 572 1840 itiis
600 1782 692 1840 maior
712 1782 867 1840 miseratio.
887 1786 992 1840 contra

120 1877 271 1945 Tiberius,
294 1875 459 1954 praecipuos
479 1877 520 1936 cd
537 1877 642 1938 caetera
654 1881 820 1956 increpans,
840 1879 992 1940 admonuit

120 1977 157 2035 C.
167 1977 301 2036 cestium
311 1981 431 2052 patrem,
441 1976 531 2036 diem
540 1977 663 2048 wenni,
671 1995 743 2056 puae
750 1979 806 2038 ridi
816 1977 991 2056 scripsisset.-

118 2076 306 2152 suscepitque
318 2076 435 2135 Cestius
445 2079 671 2138 accusationem.
691 2082 767 2156 quud
781 2081 909 2138 maxima
930 2078 982 2136 exi

117 2177 222 2238 tiabiie
238 2179 330 2236 tulere
343 2178 395 2235 iiia
409 2184 548 2253 tempora,
562 2197 629 2238 cum
654 2179 793 2254 primores
808 2178 934 2234 Senatus
948 2177 992 2232 iu-

118 2277 202 2338 timas
216 2277 308 2336 etiam
319 2278 482 2336 delationes
490 2284 673 2350 exercerent,
686 2277 738 2336 aiii
752 2275 910 2350 propalam,
921 2275 998 2332 mol-¹

119 2377 144 2434 ti
157 2395 209 2451 per
231 2379 395 2436 occuitum:
418 2395 513 2453 nsque
540 2379 722 2437 discerneres
744 2377 858 2434 aiisnoa
882 2391 900 2432 a
922 2391 990 2432 con-

117 2476 237 2545 iunctis,
248 2475 358 2536 amicos
372 2479 411 2534 ab
423 2477 542 2550 ignotis,
555 2477 624 2554 quid
645 2493 759 2551 repens,
773 2480 822 2534 aui
840 2479 998 2536 uetustate.
1023 2479 1056 2544 f*

116 2575 291 2633 obscurum:
312 2577 442 2647 perinde,
456 2576 487 2630 in
501 2577 572 2640 toro,
583 2577 615 2632 in
625 2577 777 2646 convivio,
787 2591 899 2652 quaqua
912 2577 950 2634 de
957 2591 996 2649 rra

117 2674 219 2743 locuti,
230 2673 448 2740 incusabantur,
461 2677 494 2730 ut
514 2672 578 2748 quis
602 2673 773 2746 praevenire
797 2679 828 2732 et
847 2691 927 2732 reum
941 2654 996 2734 ‹te-3

117 2773 227 2832 stipare
238 2778 389 2846 properat3
410 2787 476 2846 pars
489 2773 526 2829 ad
540 2773 699 2832 subsidium
709 2773 763 2839 sui,
777 2775 873 2848 plures
886 2763 1000 2852 intrant

118 2873 201 2948 quasi
225 2871 396 2930 valetudine
410 2879 439 2929 et
453 2879 601 2931 contactu.
643 2873 704 2932 Sed
716 2873 864 2934 Minucius
877 2881 908 2933 et
922 2877 988 2934 Ser·

117 2987 210 3028 vacua
233 2971 367 3028 damnati
384 2971 530 3029 indicibus
544 2986 703 3030 uouemere.
745 2974 906 3050 Tractiqua
919 2979 988 3032 sunt

115 3070 147 3128 iu
160 3087 262 3128 casum
275 3071 401 3129 eundem
415 3071 506 3129 lulius
521 3069 715 3142 Africanuse
730 3073 879 3142 Santonis,
894 3073 987 3131 Gratii-

116 3185 152 3227 cn
164 3168 300 3237 civitate,
326 3170 412 3228 Seius
437 3170 618 3243 Quadratus:
639 3171 780 3244 originem
802 3191 862 3230 nou
882 3170 986 3242 reperi.

113 3267 219 3344 Neque
240 3285 305 3327 sum
328 3269 454 3343 ignarus,
474 3285 492 3326 a
513 3269 656 3344 plerisque
678 3269 865 3343 scriptoribus
878 3265 986 3322 omissa

114 3369 272 3426 multorum
285 3367 414 3442 pericula
435 3373 467 3426 et
488 3385 607 3442 poenas,
629 3369 698 3424 dum
726 3365 812 3436 copia
838 3361 986 3426 fatiscunt,
1072 3411 1073 3418 ,

113 3471 175 3536 aut,
188 3483 265 3542 quac
279 3467 351 3540 ipsis
364 3467 456 3525 nimis
469 3471 499 3523 ct
509 3463 750 3524 maestaiueraut‚
760 3473 798 3514 ue
812 3453 874 3524 pari
888 3451 987 3508 tudio
1047 3509 1051 3513 .

113 3567 243 3626 lcciuroa
258 3565 426 3634 adiicerent,
442 3565 588 3621 verentur.
629 3551 725 3614 Nobis
748 3551 883 3620 limique
897 3543 987 3616 ‘¹³ssssss
