2164 3846
104 229 133 276 r.
149 225 178 274 c.
194 227 252 274 oo..
342 224 413 272 orn.
445 223 489 274 rr.
514 251 517 258 .
541 221 620 270 oar.
647 201 816 272 47.-49.
908 207 979 276 211

103 382 227 438 ‘luoem
249 378 330 438 intra
349 375 508 450 sisteretur,
529 381 704 453 noctemque
718 377 750 435 in
770 378 876 438 matria
889 384 984 440 tutam

105 483 160 538 ‘et
182 479 310 555 vigilem
329 475 536 552 erperaereat?
564 476 595 535 ld
614 477 709 552 primo
728 485 892 538 servatum:
914 492 983 538 mox

106 579 190 636 versi
209 578 244 636 in
279 579 391 643 luxum,
410 581 442 634 et
474 575 564 650 raptis
592 575 734 650 opulenti,
761 575 895 634 omittere
928 582 985 636 sta·

105 677 219 736 tiones,
251 675 378 734 laseivia
396 676 545 748 epularum
577 678 627 736 aut
646 691 750 734 aomoo
768 675 892 734 atvino
921 693 984 750 pro·

106 778 259 834 oumbere.
281 773 375 848 igitur
392 775 492 832 bostra
504 772 619 832 inooria
638 778 907 846 eommoomparta,
926 775 984 834 duo

106 875 230 949 agmina
239 879 352 948 parant,
363 889 483 947 quornm
502 873 596 930 altero
608 873 791 946 populatores
811 872 984 934 invaderen-

107 979 163 1044 tur,
187 973 241 1030 alii
260 977 358 1030 eastra
371 971 505 1030 Romano
525 971 738 1046 adpugnarent,
758 988 827 1029 uon⁴
839 989 891 1046 spe
905 972 985 1046 oapi·

107 1072 192 1138 endi,
205 1073 258 1128 sed
280 1075 312 1128 ut
335 1072 473 1138 elamore,
496 1069 574 1136 talia,
591 1070 779 1144 unoquisque
798 1070 929 1143 perionlo
941 1071 984 1130 in·

108 1176 222 1238 tantus,
235 1187 371 1228 sonorem
384 1171 503 1228 alteriue
524 1169 629 1244 proelii
650 1187 710 1228 non
724 1169 882 1244 aooiperet.
905 1178 984 1232 tana·

107 1272 181 1330 brae
193 1271 313 1343 insuper
325 1270 459 1328 deleotaa
473 1270 636 1344 aagendam
646 1268 683 1326 ad
697 1268 890 1330 formidinem.
923 1272 985 1332 Sed

109 1371 163 1446 qai
195 1371 314 1426 vallum
327 1368 476 1443 legionum
502 1369 665 1436 tentabant,
699 1369 786 1428 laoile
816 1372 983 1444 pellunturr

110 1469 267 1528 Tbraoum
280 1469 393 1526 auxilia
406 1468 561 1542 repentino
572 1468 688 1526 ineurru
702 1468 811 1538 territa,
830 1487 897 1530 oum
918 1487 985 1545 para

109 1566 323 1628 munitionibus
349 1566 528 1634 adiaoeraot,
561 1569 657 1640 plures
690 1573 775 1626 extra
808 1573 983 1643 palarentur,

112 1671 198 1726 tanto
220 1666 363 1724 infensius
382 1667 472 1734 oaesi,
485 1670 593 1739 quanto
606 1667 757 1742 ‘pertusae
770 1673 801 1726 et
814 1669 985 1744 proditores,

110 1767 210 1824 ‘terra
233 1783 314 1823 arma
333 1767 371 1823 ad
392 1783 475 1824 auum
489 1765 657 1842 patriaeque
680 1765 853 1835 servitium?
869 1769 984 1826 inausa·

110 1866 227 1924 bantur.
269 1864 392 1922 Postera
404 1865 454 1922 alie
470 1865 597 1923 Sabiona
621 1867 784 1926 exereitum
804 1883 897 1943 aequo
917 1867 1037 1926 torota

110 1963 252 2029 ostendit,
275 1963 302 2020 si
325 1963 448 2032 barbari,
475 1981 612 2022 eunome
639 1965 735 2024 noetis
761 1968 883 2034 alaores,
904 1983 984 2039 proe-

109 2063 185 2122 lium
209 2063 359 2120 auderent.
380 2067 411 2120 et
434 2068 586 2138 postquam
609 2066 733 2122 oaatello
755 2071 804 2122 aut
818 2065 986 2124 ooniuuotia

110 2161 234 2220 turnolio
265 2178 324 2218 non
354 2161 606 2235 degrediebanlur,
638 2161 783 2220 obsidium
816 2161 915 2234 eoepit
934 2179 985 2235 per

109 2260 365 2336 praesidiumue
387 2266 548 2334 opportune
570 2261 629 2318 iam
654 2259 820 2319 muniebatr
841 2258 911 2316 dein
931 2259 987 2318 ios·

109 2377 177 2418 aa·
191 2358 371 2434 lorioampoe
393 2363 567 2428 oontexeua,
587 2366 721 2434 quattuor
745 2357 838 2416 millia
852 2373 986 2430 passuum

111 2441 226 2518 ambitu
240 2459 391 2531 amplexus
411 2463 472 2516 ast:
495 2464 559 2518 tum
578 2457 740 2532 paullatim,
760 2462 791 2514 ut
814 2472 917 2530 aquam
939 2475 986 2529 pa-

111 2559 271 2631 bruumque
288 2556 422 2630 eriperet,
445 2557 620 2614 oootrabere
644 2559 779 2625 olaustra,
794 2562 911 2632 artaque
931 2557 986 2616 oir-

112 2656 271 2724 oumrlare3
289 2659 320 2712 et
346 2656 509 2714 struebatur
535 2673 632 2730 agger,
659 2657 737 2714 uodo
766 2664 848 2728 saxa,
874 2656 986 2726 hastae,

111 2754 203 2828 ignea
213 2753 405 2828 propinquum
429 2754 487 2814 iana
515 2753 547 2812 in
569 2755 683 2812 bostem
709 2754 882 2814 iacerentur.
924 2757 985 2816 Sed

112 2853 189 2912 nibil
215 2869 317 2927 aequo,
340 2871 428 2927 quam
449 2852 527 2921 sitia,
544 2854 695 2928 fatigabat,
709 2855 894 2928 oumiogem
914 2857 985 2914 naul-

113 2951 209 3010 titudo
232 2953 415 3019 bellatorum,
435 2953 606 3020 imbellium,
626 2971 685 3010 uuo
707 2953 818 3028 reliquo
830 2953 911 3012 sonte
924 2959 985 3012 ute·

115 3057 223 3108 rentur.
266 3051 359 3108 Simul
375 3051 452 3125 equi,
475 3059 615 3118 armenta,
634 3057 666 3110 nt
690 3069 752 3108 mos
774 3051 910 3118 barbaris,
923 3053 986 3110 iux·

115 3153 146 3208 ia
159 3151 270 3216 olausa,
284 3155 415 3224 egestate
426 3151 524 3224 pabuli
537 3151 717 3210 exanimari:
738 3150 873 3208 adiacere
886 3166 986 3222 oorpo-

146 3322 423 3432 Mwmqi‘fmw‘ilffl
455 3326 479 3373 ld
490 3334 532 3396 est,
549 3326 650 3384 exiguum
665 3325 757 3392 vallum,
768 3327 793 3366 et
808 3311 882 3387 sepem
895 3318 985 3385 perati-

116 3381 403 3502 ffibiffiwgtnrfflflr
420 3385 544 3447 eorprebro,
554 3390 675 3434 waimerus.
713 3377 990 3429 VrdePolroroetrcaoon
