2172 3842
95 257 150 296 xxx
406 241 648 297 TESTIMONIA.

96 393 162 458 ejus,¹
180 392 202 442 si
220 391 375 446 celebretur
391 395 457 454 ate,
472 392 652 445 immortalem
670 390 781 460 gloriam
795 406 853 444 esse
866 407 966 460 propo-

96 480 185 532 uitam.

196 628 297 691 Libro
312 627 394 690 Vll.
412 627 519 711 Epist.
538 626 619 689 XX.
637 626 677 688 ad
694 625 856 690 Tacitum.

129 753 191 806 Erit
204 769 292 807 rarum
305 758 335 805 et
347 753 459 821 insigne,
471 751 536 804 ‹luos
556 755 686 814 homines,
707 741 799 806 aetate
818 769 965 820 propemo-

96 843 160 895 dum
172 845 305 911 aequales.
319 842 479 894 nonnullius
500 841 527 893 in
540 843 640 894 litteris
658 843 780 902 nominis,
793 844 911 895 alterum
924 843 966 894 al-

99 934 182 985 terius
195 932 398 984 studialovisse.
437 930 570 999 Equidem
590 931 813 992 adolescentulus,
825 947 887 986 curu
906 933 963 984 iam

97 1027 145 1074 tua
154 1022 225 1074 iunia
235 1023 374 1092 gloriaque
385 1021 503 1081 floreret,
516 1025 546 1074 to
556 1021 640 1088 requi,
650 1023 702 1076 tibi
713 1023 799 1092 loligo.
811 1021 858 1074 sou
870 1023 963 1089 proxi·

98 1126 164 1172 inus,
179 1111 330 1180 interuallo,
340 1113 370 1162 ct
382 1125 441 1162 esse
452 1114 482 1162 et
500 1111 593 1162 haberi
611 1111 842 1180 concupiscebam.
856 1134 858 1138 ·

322 1257 421 1322 Libro
437 1255 497 1324 lx.
516 1257 623 1342 Epist.
640 1256 741 1320 XIV.

132 1383 192 1435 Nec
206 1384 263 1450 ipsc
276 1383 327 1434 tibi
340 1382 460 1449 plaudis3
479 1386 510 1434 et
521 1383 645 1450 egunilril
659 1383 742 1450 magis
754 1396 790 1433 cx
802 1381 862 1441 fido,
881 1398 968 1450 quum

97 1473 131 1524 de
155 1478 184 1524 tc
211 1473 308 1524 scribo.
344 1470 463 1523 Posteris
486 1487 518 1522 an
542 1473 633 1540 aliqua
649 1487 713 1524 cura
735 1473 829 1531 nostri,
853 1476 969 1524 nescio:

97 1577 144 1614 nos
164 1566 240 1614 certe
260 1575 403 1620 meremur,
424 1565 457 1613 ut
475 1562 511 1612 sit
531 1561 630 1630 aliqua,
651 1576 703 1613 nou
722 1559 784 1614 dico
804 1562 910 1629 ingenio
922 1559 965 1629 (id

98 1654 170 1702 enim
193 1647 349 1719 superbum)
375 1647 423 1701 sed
440 1649 538 1712 studio,
564 1649 785 1711 selinunteus
808 1649 971 1703 reverentia

98 1748 245 1808 posterum.

287 1886 421 1950 Orosius
438 1886 477 1949 dc
487 1885 614 1960 Domit.
630 1886 774 1968 loquens.

134 2013 215 2073 Nam,
236 2020 337 2080 quauta
357 2012 458 2065 luerint
477 2012 623 2078 Diurpanei
643 2011 777 2064 Dacorum
799 2008 880 2078 Regis
901 2024 967 2063 cum

100 2100 970 2172 FuscoDuccproclia,quantaequeRomuladcalougocontex·

101 2200 130 2248 tu
143 2196 306 2253 evolverem,
316 2195 366 2248 nisi
386 2192 465 2245 Corn.
478 2192 600 2250 Tacitus,
612 2194 657 2260 qui
671 2192 738 2243 lianc
751 2191 892 2242 historiam
904 2189 968 2241 dili·

100 2285 255 2354 gcntissime
267 2285 416 2342 contexuit,
429 2283 463 2336 de
476 2280 615 2336 reticendo
627 2278 832 2333 interfectorum
844 2293 967 2339 numero,

102 2381 132 2428 et
142 2374 297 2426 Sallustium
320 2373 452 2440 Crispum,
472 2376 502 2424 et
520 2371 586 2422 aiios
612 2367 974 2437 1111101111.11111111111111111101Ι

102 2467 229 2526 sanxisse,
242 2467 273 2516 et
284 2467 401 2530 seipsum
414 2462 486 2515 idem
499 2461 668 2528 potissimum
680 2459 803 2528 elegisse,
815 2455 946 2510 dixisset,

475 2576 577 2670 Idem.

140 2735 218 2796 Dein,
231 2738 262 2788 ut
274 2735 364 2787 verbis
384 2732 462 2786 Corn.
476 2731 567 2784 Taciti
580 2733 652 2790 utar,
665 2729 734 2782 Sene
747 2729 877 2799 Augusto.
891 2727 972 2782 lanus

104 2825 265 2893 patefactus,
286 2823 349 2876 (lum
360 2822 431 2890 apud
443 2828 581 2875 extremos
595 2825 729 2872 terrarum
743 2820 871 2872 terminos
884 2833 970 2872 norae

104 2917 198 2980 gentes
211 2926 291 2978 saepe
303 2925 337 2962 ex
349 2925 406 2968 usn,
420 2914 450 2961 et
461 2907 604 2978 aliquando
615 2923 677 2959 cum
689 2905 786 2960 damno
797 2909 972 2975 quaeruntur,

106 3017 190 3070 usque
208 3001 241 3052 ad
254 2999 413 3068 Vespasiani
423 2998 693 3064 duravitimperium.

292 3149 423 3212 Flavius
440 3123 604 3232 Vopiscus
621 3145 650 3208 in
667 3142 784 3206 Probo.
841 3213 843 3220 Ι

140 3275 176 3328 Et
189 3277 255 3328 milri
265 3273 373 3342 quidem
387 3275 414 3326 in
426 3274 514 3326 auimo
524 3271 584 3330 init,
598 3285 650 3322 non
662 3273 693 3321 ut
706 3267 856 3328 Sallustios,
870 3266 972 3330 Livius,

106 3366 225 3426 'l'acitos‚
236 3363 346 3431 Trogos,
359 3367 440 3430 atque
453 3376 544 3413 omues
556 3359 747 3411 disertissimos
759 3357 882 3409 imitarer
893 3358 976 3420 viros,

108 3455 154 3508 sed
169 3454 284 3509 licrium
297 3451 456 3512 Maximum,
468 3449 627 3504 Suetonium
639 3446 836 3516 Tranquillum,
849 3449 906 3498 etc.
950 3517 954 3526 Ι
