2172 3842
484 203 708 258 susurnam.
984 203 1033 262 xxi

199 363 280 428 Post
296 363 378 428 banc
391 351 608 426 Historiarum
624 379 741 436 curam,
759 357 894 424 Tacitus
910 359 1030 446 superi·

158 490 242 532 orem
272 469 400 554 imperii
431 467 610 530 memoriam
645 467 829 530 narrandam
859 467 1028 553 suscepit3

161 595 294 659 eamque
319 597 338 638 a
362 573 489 638 Tiberii
519 573 697 660 principatu
727 574 767 636 ad
798 573 937 636 Neronis
964 573 1030 636 exi·

160 687 224 744 tum
255 683 287 746 in
314 681 492 744 Annalibus
520 678 701 756 conclusit;
739 679 890 764 pressior,
916 680 1029 754 acrior,

160 788 338 862 sententiis,
377 807 470 869 qnam
510 785 629 862 verbis,
667 785 901 886 abundantior:
940 805 1029 872 prae-

161 893 265 978 ceptis
299 893 448 978 politicae
482 891 558 954 artis
590 893 634 954 ita
666 892 821 978 locuples,
851 899 884 954 ut
916 892 943 954 si
972 892 1031 954 hos

159 1005 279 1062 tentum
309 999 480 1062 Annalium
514 998 611 1060 libros
649 997 814 1074 edidisset,
848 997 1031 1083 Principum

157 1106 416 1190 privatorumque
448 1091 617 1178 bominum,
649 1104 703 1188 qni
733 1103 772 1166 ad
804 1105 1030 1190 rempublicam

157 1211 330 1285 accedunt,
357 1219 548 1295 praeceptor
575 1210 751 1292 doctorque
778 1209 967 1276 haberetur:
1001 1209 1031 1274 in

159 1317 222 1380 boc
242 1317 405 1380 scribendi
428 1337 543 1397 genere
566 1317 686 1401 primus
710 1317 800 1378 simul
823 1325 855 1378 et
878 1337 1029 1380 summus.

160 1423 248 1486 luter
263 1423 342 1486 baec
359 1423 534 1507 sapientiae
549 1422 689 1496 consilia,
705 1431 737 1484 et
753 1423 930 1486 incredibili
947 1444 1030 1486 men·

158 1530 197 1593 tis
224 1529 415 1616 capacitate,
443 1529 641 1590 cautissimas
668 1525 793 1598 Tiberii
823 1541 907 1592 artes
934 1529 1030 1594 extri·

160 1635 257 1713 cavit,
289 1634 414 1698 Claudii
448 1635 693 1696 imbecillitatem
731 1635 909 1720 pudendam
941 1636 1031 1711 lecit,

159 1741 299 1805 Neronis
315 1741 460 1804 libidines
484 1741 665 1815 infamavit3
692 1761 765 1804 sane
788 1742 942 1804 adversus
960 1741 1030 1804 Caii

159 1847 283 1910 lurores
300 1868 400 1932 aeque
417 1847 585 1910 animosus.
633 1847 690 1940 At,
710 1857 743 1910 nt
759 1847 788 1911 in
807 1849 970 1923 Historiis,
989 1850 1030 1910 ita

134 2035 139 2046 ι
159 1953 233 2015 etin
246 1953 423 2016 Annalibus
440 1953 536 2016 multa
550 1953 726 2040 absumpsit
742 1974 840 2018 uorax
853 1962 1031 2040 temporum

159 2058 312 2121 edacitas.

152 2215 157 2218 .
201 2165 253 2228 Ea
269 2185 340 2228 cnm
364 2174 580 2251 componeret,
604 2167 744 2250 Augusti
767 2167 908 2232 Annales
932 2169 1028 2233 medi·

158 2276 244 2334 tatus
261 2282 312 2333 est
325 2273 344 2332 :¹
376 2272 570 2353 magnificum
595 2275 787 2358 dignumque
809 2275 925 2340 Tacito
941 2297 1029 2358 argu·

158 2386 320 2452 nenium
350 2379 403 2460 qui
427 2379 619 2463 reipublicae
642 2381 745 2456 finem,
769 2389 870 2444 ortum
894 2382 1028 2468 imperii,

159 2503 271 2548 versos
287 2503 401 2559 mores,
418 2493 570 2548 tantarum
587 2507 690 2549 rernm
707 2508 831 2563 causas,
849 2489 1027 2572 Angustum

160 2587 198 2650 iis
214 2589 342 2672 quidem
368 2583 530 2652 movendis
554 2591 718 2677 imparem,
742 2597 799 2657 sed
815 2597 911 2658 semel
928 2609 1027 2660 motas

159 2696 344 2758 sustinendo
371 2695 517 2772 habilem,
549 2699 743 2783 plurimaque
771 2709 837 2764 arte
864 2704 1026 2786 publicum

157 2801 319 2864 servitium
353 2801 506 2866 libertatis
539 2805 648 2890 specie
683 2806 861 2870 molientem
893 2830 1025 2896 expres·

157 2905 283 2969 sisset·
523 2981 526 2988 ⁴

201 3011 282 3074 Post
311 3020 358 3076 tot
387 3013 523 3091 labores,
557 3017 717 3081 tradendis
754 3021 925 3106 superioris
956 3026 1026 3086 aeri

157 3118 254 3182 rebus
271 3118 442 3203 impensos,
465 3130 597 3185 aetatem
622 3145 708 3188 snam
731 3134 798 3189 erat
821 3132 1025 3216 repetiturus,

157 3231 192 3286 nt
209 3245 290 3286 nora
305 3234 337 3286 et
361 3229 538 3310 praesentia
562 3229 642 3292 bona
664 3235 839 3294 aeternitati
859 3256 1025 3298 consecra·

28 3373 32 3410 3.
157 3339 217 3406 ret,
229 3350 278 3406 ac,
289 3351 347 3415 pro
363 3331 444 3392 virili
461 3334 616 3416 portione,
631 3337 830 3418 sequentium
842 3337 1026 3414 Principum

190 3497 286 3544 mam.
301 3497 380 3546 numa.
393 3498 435 3558 111,
445 3501 482 3546 aa.

204 3597 285 3642 voa.
302 3597 327 3639 ι.
592 3595 611 3636 c
629 3573 654 3622 ii
