2134 3826
105 220 152 290 64
419 245 607 292 ANNALWM
834 247 865 292 Α.
881 241 914 291 v.
930 245 983 291 ras.

103 403 111 430 ‘
124 398 249 456 Senator
268 397 418 468 introiret3
442 416 480 457 ne
494 397 671 474 egredientis
684 397 714 456 in
735 397 885 472 publicum
899 395 984 472 equi-

102 503 168 555 ‘tes
193 497 320 556 Romani
342 497 511 574 cingerent3
537 503 586 556 aut
608 498 680 556 aiibi
700 515 786 573 quam
809 497 840 554 in
863 497 985 554 tbeatro

101 605 347 671 espectarenrur3
374 603 404 655 et
417 598 611 671 spectantium
632 597 849 655 immodestiam
871 593 984 652 exsilio

50 692 89 754 78
103 703 110 730 ⁸
122 697 263 754 multandi
285 702 413 770 potestas
427 697 611 755 Praetoribus
624 694 726 755 tieret!
767 697 928 769 Templum
947 699 981 752 nt

98 797 129 855 in
144 798 262 856 colonis
281 797 498 856 Tarraconensi
520 803 677 855 strueretur
687 798 829 870 Augusto,
852 796 980 870 petenti·

102 899 154 955 bus
172 897 311 972 Hispanis
337 898 525 970 permissum
552 897 709 971 datumque
731 896 762 953 in
786 913 889 952 omnes
915 913 982 971 pro·

101 997 400 1073 vinciasexemplum.
426 999 626 1056 Centesimum
637 998 978 1072 rerumvcualium,post

100 1099 178 1155 bella
200 1097 304 1156 civilia
323 1097 497 1166 institutam,
523 1099 701 1171 deprecante
734 1099 850 1172 populo,
880 1098 979 1156 edixit

101 1197 249 1264 Tiberius,
273 1197 418 1255 ‘militare
441 1197 583 1254 aerarium
597 1215 633 1255 eo
645 1197 774 1255 subsidio
798 1197 871 1255 niti:
886 1199 976 1255 simul

99 1295 259 1370 ‘imparem
281 1297 364 1354 oneri
379 1296 604 1370 rempublicam,
623 1297 681 1354 nisi
695 1297 837 1354 vicesimo
850 1297 978 1355 militiae

99 1402 197 1454 ‘anno
212 1395 345 1452 veterani
365 1393 598 1453 dimitterentur.’
618 1397 660 1453 its
681 1383 830 1469 proximae
855 1395 976 1454 seditio·

98 1493 144 1552 nis
178 1497 256 1552 male
282 1497 426 1562 consulta,
459 1494 562 1570 quibus
595 1495 725 1553 sedecim
759 1494 975 1569 stipendiorum

98 1593 186 1651 tinem
201 1598 413 1667 expresserant,
426 1593 537 1652 abolita
549 1593 581 1651 in
596 1599 749 1668 posterum.

47 1699 87 1760 79
138 1693 249 1751 Actum
270 1692 376 1750 deinde
399 1693 430 1750 in
456 1697 568 1752 Senatu
589 1695 626 1750 ab
650 1693 791 1751 Arruntio
814 1697 844 1750 et
871 1693 973 1761 Ateio,

97 1809 135 1849 an
149 1791 188 1849 ob
201 1792 393 1849 moderandas
414 1792 535 1850 Tiberis
559 1793 773 1850 exundationes
788 1795 973 1850 reiterentur
1051 1875 1052 1878 Ἴ

97 1890 217 1949 flumina
230 1895 260 1948 et
275 1892 364 1958 lacus,
390 1909 440 1964 per
460 1909 531 1966 quos
554 1891 693 1966 augescit.
715 1892 890 1966 auditaeque
913 1909 971 1950 mo

98 1989 271 2063 nicipiurum
286 1994 317 2046 et
330 1989 509 2048 coloniarum
532 1991 713 2066 legationes:
733 1991 881 2050 orantibus
905 1993 971 2050 Flu

98 2088 230 2156 reatinis,
244 2095 252 2121 ‘
264 2106 301 2146 ne
315 2088 628 2157 Grauiscanorum
641 2093 782 2160 demotus,
806 2089 837 2149 in
852 2107 968 2151 amnem

97 2190 230 2248 ‘Arnum
257 2187 466 2258 transferretur,
488 2189 574 2264 idque
597 2189 668 2264 ipsis
695 2190 857 2264 pemiuicm
878 2191 967 2249 adter-

97 2286 180 2346 ‘ret’
231 2288 430 2364 Congruentia
463 2288 508 2345 bis
537 2291 750 2348 Interamnates
783 2290 966 2348 dissensere:

96 2394 231 2461 ‘pessum
244 2388 334 2447 ituros
354 2387 573 2446 fecundissimos
594 2388 700 2446 ltaliae
720 2405 848 2463 campos,
869 2391 896 2448 si
909 2408 965 2449 am·

95 2488 162 2544 ‘nis
174 2487 245 2546 Nar'
258 2485 302 2564 (id
316 2489 397 2546 enim
411 2484 575 2566 parabatur)
589 2489 638 2546 ‘in
663 2488 741 2546 rivos
764 2489 909 2559 diductus,
923 2507 965 2548 so

96 2585 384 2660 ‘persinguavisset’
434 2588 500 2644 Nec
528 2587 648 2645 Reatini
661 2587 799 2656 silebunt,
822 2589 963 2648 Velinum

95 2686 201 2750 lacum,
215 2701 271 2759 qua
285 2683 316 2742 in
338 2685 447 2742 Narem
469 2685 633 2755 effunditur,
654 2687 764 2744 obstrui
777 2694 962 2746 recusantem
1047 2737 1048 2774 3

96 2782 219 2858 ‘quippe
252 2785 284 2841 ln
318 2783 484 2842 adiacentis
517 2791 699 2862 erupturum:
728 2791 846 2861 optume
881 2789 962 2846 rebus

94 2882 277 2942 ‘mortalium
301 2884 480 2941 consuluisse
504 2891 645 2953 naturam,
669 2903 743 2961 quae
764 2904 817 2944 sua
842 2903 893 2944 ora
916 2887 961 2947 liu·
1046 2937 1047 2948 ,

94 2981 250 3050 ‘minibus
269 3000 336 3040 suns
350 2999 458 3050 cursus,
480 2989 567 3059 utque
589 2985 741 3060 originem,
753 2985 795 3043 ita
820 2985 893 3042 fines
916 2987 960 3043 de·

94 3081 205 3138 ‘deritz
238 3083 412 3155 spectandas
439 3081 528 3140 etiam
556 3083 717 3158 religiones·
738 3083 891 3152 sociorum,
914 3085 959 3161 qui

91 3185 196 3235 ‘sacra
209 3183 240 3234 et
259 3181 339 3236 lucos
364 3184 394 3236 et
417 3197 481 3236 aras
504 3181 604 3254 patriis
628 3183 761 3240 amnibus
785 3183 958 3244 dicaverint.
1045 3209 1046 3223 ¹

94 3277 183 3352 ‘quin
206 3277 301 3350 ipsum
325 3277 459 3334 Tiberim
481 3281 569 3346 nolle,
594 3298 706 3352 prorsus
731 3282 841 3339 accolis
865 3283 959 3342 fluviis

94 3377 253 3442 ‘orbatum
275 3375 385 3432 minore
408 3375 500 3448 gloria
527 3377 635 3434 nuere:
675 3380 735 3437 Seu
759 3397 861 3454 preces
885 3386 958 3441 coln
1044 3431 1045 3445 ,

15 3497 25 3550 ῃ
94 3473 216 3543 uiarum,
229 3493 281 3533 seu
294 3473 448 3534 difficultas
461 3489 588 3547 operum,
601 3475 666 3535 sive
679 3479 847 3553 superstitio
861 3483 958 3553 valuit,
