2186 3850
96 244 243 296 ⁴ncnc
326 241 400 290 nra.
429 239 508 289 xrrr.
558 239 638 290 ose.
664 221 803 290 tata
919 217 994 290 383

104 398 236 459 animo:
268 395 476 471 ferebaturque,
510 395 632 469 copiosa
649 399 681 454 ct
700 395 784 454 mciii
804 393 867 453 vita
897 413 993 455 sacre

103 505 179 560 tum
211 497 285 556 trinu
318 495 500 554 toleravisss.
551 495 661 554 Filium
695 495 768 564 eius,
806 495 992 564 Neruliuum,

102 595 262 672 adgressis
294 594 522 661 accusatoribus,
542 611 594 666 per
613 593 757 654 iuvidiam
776 593 867 668 patris
886 598 917 652 et
937 593 993 652 cri·

103 699 198 760 mina
219 697 451 770 repetundarum,
479 693 646 753 intercessit
677 695 828 770 Princeps,
854 700 992 771 tauquam

105 797 187 856 satis
208 797 330 868 expieta
349 795 472 853 uitione.
526 793 584 852 Per
605 793 684 852 idem
703 800 828 870 tempus,
847 794 1043 856 Octavium

107 896 243 971 Sagitta,
263 893 360 968 plebei
381 893 539 964 Tribunus,
561 894 696 962 Pontiae,
722 895 852 952 mulieris
872 900 990 968 nuptae,

103 1011 213 1054 amore
233 1010 347 1060 vecors,
367 993 535 1068 ingentibus
555 993 643 1052 donis
654 994 839 1062 adulterium,
858 999 890 1052 ct
909 1011 990 1062 mox,

111 1099 150 1153 ut
169 1091 319 1150 omitteret
351 1092 496 1160 maritum,
515 1101 687 1160 emereatur,
706 1110 789 1151 snum
812 1093 989 1152 matrimoni·

106 1209 164 1252 um
184 1191 367 1264 promittens,
400 1207 436 1248 ao
458 1191 575 1263 nuptias
595 1191 658 1250 eius
678 1197 789 1266 pactus.
845 1192 917 1260 Sed,
937 1191 988 1250 ubi

109 1291 220 1351 mutter
242 1307 335 1348 saeua
354 1289 417 1358 fuit,
437 1295 557 1348 nectere
578 1307 682 1358 moras,
702 1291 874 1349 ‘adversam
897 1291 988 1365 patris

109 1386 327 1448 ‘voluntatem'
350 1389 487 1457 caussari,
516 1395 685 1465 repertaque
711 1406 763 1462 spe
787 1389 901 1448 ditioris
919 1409 989 1450 cou-

110 1489 202 1565 iugis‚
242 1489 381 1562 promissa
425 1506 542 1547 exuare.
605 1488 747 1550 Octavius
787 1497 890 1548 contra
929 1508 988 1550 uso·

115 1592 158 1648 do
193 1588 344 1663 conqueri,
387 1589 474 1645 modo
506 1587 642 1655 minitari,
675 1589 799 1648 ‘samum
835 1591 987 1666 perditam,

110 1689 293 1765 ‘pecuniam
313 1685 496 1746 exhaustam'
515 1691 683 1746 obtestans:
704 1690 831 1765 denique
854 1693 986 1760 salutem,

108 1807 188 1867 qnae
207 1790 270 1846 sota
298 1787 408 1862 reliqua
434 1793 522 1854 esset,
554 1787 675 1846 arbitrio
707 1788 771 1846 cius
803 1791 985 1862 permittens.

109 1891 174 1953 Aa,
189 1893 338 1962 postquam
358 1888 558 1960 spernebatur,
582 1891 720 1944 ‘noctem
734 1903 823 1944 uuam
836 1889 873 1943 ed
887 1887 984 1944 solati·

108 1985 190 2052 ‘um'
223 1987 327 2060 puscit,
347 1993 422 2060 ‘qua
448 1985 598 2054 delinitus,
626 1987 742 2042 morium
771 1985 802 2042 in
839 1990 985 2058 posterum

108 2083 306 2145 ‘adhiberet'
357 2085 500 2143 Statuitur
526 2101 594 2142 nox.
635 2085 675 2142 ut
708 2084 814 2143 Pontia
846 2085 985 2142 consciae

111 2185 241 2245 ancittae
254 2184 417 2242 custodiam
443 2183 572 2242 cubiculi
593 2185 719 2242 mandat.
760 2185 826 2251 lue,
840 2201 899 2241 uno
918 2201 985 2242 oum

109 2286 229 2353 liberto,
255 2285 361 2342 icarum
394 2287 477 2340 veste
504 2285 652 2341 occuitum
679 2283 775 2342 infert.
830 2285 920 2352 Tum,
953 2288 986 2342 ut

111 2387 226 2444 adnotet
237 2383 269 2442 io
279 2401 377 2440 amore
391 2391 422 2441 ct
433 2384 485 2449 ira,
496 2382 599 2456 iurgia,
613 2399 722 2455 preces,
737 2383 931 2456 exprobratio,
941 2400 985 2440 sa·

111 2483 254 2543 tisiactio:
268 2493 298 2540 et
308 2499 372 2555 pars
378 2484 561 2540 tenebrarum
573 2481 695 2539 tintuine
704 2481 841 2555 seposita.
870 2483 916 2540 Ex
928 2498 985 2556 qua

112 2589 197 2642 aestu
224 2582 371 2647 incensus,
385 2581 457 2639 nihii
473 2586 650 2639 metuentem
671 2580 747 2638 terro
760 2582 985 2652 transverberat,

115 2688 149 2741 et
170 2687 371 2739 accurrentem
385 2681 525 2738 ancillam
540 2682 661 2738 vulnere
685 2682 825 2737 absterret
839 2680 986 2740 rubicato-

112 2799 170 2857 que
186 2779 353 2854 prorumpit.
396 2780 518 2837 Postera
530 2779 579 2836 die
593 2779 747 2836 manifesta
762 2780 886 2837 caedes:
908 2780 986 2838 haud

112 2879 264 2954 ambiguus
280 2895 436 2952 percussor.
450 2879 557 2952 quippe
571 2878 742 2935 mansitasse
754 2896 812 2935 una
826 2879 985 2938 convince·

112 2980 207 3038 batur.
248 2979 308 3036 Seri
333 2979 452 3034 tibertus
471 2993 554 3034 mum
573 2973 776 3054 illudsucinac
800 2979 937 3050 profiteri,
955 2993 986 3035 se

108 3073 225 3154 potrum
248 3073 372 3132 iniurius
391 3073 482 3132 ubam
502 3091 569 3131 esse.
611 3075 874 3150 commoveratque
902 3093 983 3151 qnos·

113 3177 181 3234 dam
197 3174 397 3250 magnitudine
411 3174 558 3246 exempti:
573 3174 667 3230 donec
682 3175 846 3239 ancillare
863 3177 983 3230 vulnere

113 3263 231 3341 reiecta,
252 3291 359 3330 serum
384 3273 506 3345 aperuit.
535 3274 750 3346 postulatusque
775 3275 851 3342 apud
873 3272 984 3328 Oousu-

1 3415 8 3434 .
110 3376 156 3446 ies
177 3392 195 3431 a
215 3381 296 3448 parte
324 3372 505 3440 interiectae,
533 3379 688 3446 postquam
713 3368 879 3428 Tribunatu
905 3368 983 3428 abie-
