2134 3826
107 210 178 278 108
426 227 611 276 nuusmvsr
830 231 861 278 r.
877 231 910 278 v.
925 234 977 282 nr.

105 382 222 442 structis
243 381 366 442 molibus
386 382 501 440 litterae
521 381 700 458 Aegyptiae,
720 381 845 456 priorem
858 385 979 456 opulen-

106 481 178 540 tiem
191 485 381 554 complexae:
408 482 556 555 iussusque
575 501 593 538 e
613 480 774 540 senioribus
793 483 980 538 secerdotum

106 582 233 654 petrium
246 598 408 639 sermonem
422 580 616 653 interpretari,
630 580 784 645 referebat,
811 580 979 637 ‘habitasse
1060 655 1061 664 ἵ

107 681 269 752 ‘quondum
293 679 477 752 septingenta
502 679 593 736 millis
619 686 716 734 setate
735 677 871 736 militari:
892 685 981 752 utque

107 783 163 836 ‘eo
172 795 239 836 cum
250 779 383 860 exercitu
399 779 510 851 Regem
526 778 674 834 Rhamsen
687 777 795 850 Libya,
807 776 979 848 Aethiopia,
1060 789 1061 840 1

107 875 279 950 'Medisque
291 882 320 932 et
337 876 432 932 Persis
446 882 477 931 et
492 876 649 932 Bactriano
663 891 698 932 ac
715 875 826 948 Scytha
838 876 979 948 potitum;

107 980 253 1050 ‘quasque
268 980 358 1032 terras
381 974 448 1048 Syri
465 973 655 1046 Armeniique
669 980 699 1029 et
718 973 850 1046 contigui
864 973 980 1046 Cnppu·

107 1076 215 1132 ‘doces
226 1077 337 1139 nolunt,
353 1075 421 1130 inde
433 1073 605 1145 Bithynum,
619 1071 689 1128 hino
703 1072 830 1145 Lycium
840 1073 878 1128 ud
889 1087 979 1139 mure,
1060 1053 1061 1058 ἵ

106 1173 248 1248 ‘imperio
276 1170 423 1230 tenuisse?
450 1173 621 1246 legebantur
647 1176 678 1226 et
705 1170 817 1228 indicte
839 1170 978 1244 gentibus

106 1273 222 1339 tributa,
251 1274 362 1344 pondus
386 1269 501 1343 urgenti
526 1273 558 1325 et
580 1269 652 1336 suri,
678 1285 812 1326 numerus
832 1285 977 1326 armorum

105 1387 309 1446 equorumque,
335 1373 365 1426 ct
388 1370 466 1425 dous
493 1367 619 1440 templis,
647 1368 726 1434 ebur,
753 1373 839 1442 atque
862 1367 978 1436 odores,

105 1485 232 1544 quosque
245 1468 345 1540 copies
359 1465 497 1524 frumenti
515 1473 546 1524 ct
565 1465 695 1522 omnium
710 1465 877 1522 utensilium
890 1483 978 1540 quse·

105 1585 160 1641 que
170 1566 251 1624 ontio
261 1566 411 1639 penderet,
422 1567 499 1622 haud
514 1566 609 1622 minus
623 1565 789 1640 magnifice,
799 1580 885 1639 quum
895 1579 977 1622 nuno

53 1669 92 1726 ol
107 1665 139 1722 vi
153 1665 325 1738 Parthorum
340 1670 390 1720 aut
411 1664 542 1738 potentis
558 1664 690 1722 Romane
704 1664 848 1720 iubentur.
890 1663 980 1720 Cele-

105 1745 168 1822 rum
196 1761 391 1822 Germanicus
424 1762 490 1820 eliis
520 1779 633 1836 qunque
665 1761 813 1818 miraculis
846 1760 977 1818 intendit

53 1867 57 1874 ’
104 1863 242 1920 animum.
264 1878 385 1936 quorum
410 1861 567 1935 praecipuo
589 1859 669 1916 luere
694 1860 862 1918 Memnonis
884 1875 978 1918 sexes

68 1977 70 1982 ’
104 1960 224 2034 effigies,
238 1960 288 2017 ubi
309 1959 397 2018 radiis
410 1958 480 2016 solis
494 1959 554 2016 ictu
571 1965 627 2025 est,
647 1961 781 2016 vocalem
795 1975 899 2016 sunum
914 1959 977 2018 red·

103 2061 193 2118 dens:
213 2058 408 2132 ‹lisiectosque
422 2057 499 2114 inter
512 2063 542 2114 et
558 2055 609 2113 vix
624 2057 741 2130 pervius
755 2073 868 2120 urenss,
882 2057 976 2116 instar

104 2159 246 2216 montium
272 2159 395 2214 eductae
424 2156 604 2229 Pyramides,
631 2157 792 2228 certamine
816 2161 846 2212 et
870 2157 976 2230 opibus
1060 2143 1061 2212 t

104 2257 233 2331 Regum:
253 2259 390 2330 lucusque
405 2255 510 2312 effosso
524 2255 621 2321 humo,
633 2255 837 2327 superfluentis
852 2255 918 2312 Nili
931 2273 977 2314 re·

104 2358 271 2429 oeptncule:
292 2361 379 2429 etque
393 2353 465 2410 olibi
478 2354 630 2425 angustiae
640 2359 671 2410 et
684 2353 825 2426 protunda
839 2354 976 2424 altitudo,
1060 2379 1061 2386 ¹

104 2454 192 2514 nullis
212 2430 419 2528 inquirentium
439 2451 541 2525 spatiis
563 2452 760 2525 penetrabilis.
800 2451 883 2510 Exin
903 2470 976 2514 ven·
1060 2437 1061 2460 ¹

133 2626 228 2673 structis
248 2625 351 2687 molitus]
384 2626 497 2685 lutellegit
509 2626 625 2682 obeliscos,
644 2625 673 2671 de
692 2639 785 2686 quorum
804 2625 932 2686 frequentis
950 2631 976 2676 et

105 2686 164 2732 notis
183 2684 273 2730 consule
286 2685 376 2730 omnino
396 2687 536 2732 lunianum
552 2690 586 2738 17.
602 2689 623 2730 l.
634 2690 702 2745 etque
718 2686 741 2730 in
761 2687 803 2730 lrsc
822 2685 829 2730 i
846 2699 871 2730 ss
890 2701 917 2731 re
934 2701 978 2734 nos

82 2743 173 2789 ‘etiem
185 2745 207 2788 in
220 2743 336 2802 Aegyptiis
344 2744 486 2789 admirandis.
517 2744 578 2802 lsips.
612 2743 648 2790 De
663 2743 773 2789 obeliscis
791 2758 812 2788 v.
855 2744 927 2791 'odon
954 2749 975 2802 l,

103 2807 140 2848 57.
158 2801 249 2846 iliusde
267 2815 311 2860 quo
328 2803 376 2846 heic
394 2815 468 2848 serino
486 2809 528 2857 est,
548 2802 638 2863 quil'uit
654 2801 766 2848 Ramessis
780 2808 870 2847 etnuuc
886 2817 978 2864 quoque

104 2861 191 2909 Romse
203 2859 289 2913 visitur,
298 2860 394 2906 emnium
404 2863 442 2921 qui
451 2862 512 2906 tuere
524 2861 637 2915 maximus,
648 2861 719 2906 torma
729 2861 775 2904 aeri
783 2860 854 2906 incise
862 2863 977 2922 reperitur

103 2918 126 2964 in
139 2919 256 2964 Ammiano
265 2917 334 2964 Grou.
347 2917 385 2965 rii.
397 2919 411 2965 l.
432 2935 451 2964 c.
471 2919 570 2965 Litterae
592 2925 665 2966 nutem
683 2917 842 2976 intelligendae
860 2919 976 2978 hierogly-

103 2977 191 3081 fhicne,
201 2992 218 3020 s.
231 2977 303 3036 potius
313 2978 382 3030 tituli,
390 2977 541 3046 inscriptiones
552 2978 634 3024 litteris
648 2977 795 3046 Aegyptiacis:
816 2979 853 3046 Sic
862 2985 886 3024 et
896 2980 976 3047 binius

104 3034 975 3162 llttztltrd'tpltlpl·luidrici?tltttltltlllll:

104 3151 225 3202 Remessrs.
241 3152 476 3218 cunuulendusGrbert
495 3153 517 3197 in
536 3154 622 3198 Corum.
641 3155 697 3210 eleg.
711 3108 761 3197 itu.
783 3155 851 3198 Acsd.
872 3153 942 3201 Paris.
954 3159 974 3201 t.

104 3213 138 3255 35.
170 3209 313 3254 Corrstautrus
332 3210 418 3254 Caesar
432 3210 455 3254 in
472 3211 531 3255 circo
550 3225 605 3256 max.
622 3217 741 3269 ereren-etp
755 3223 856 3256 eversum
874 3213 975 3259 restituit

134 3343 260 3390 Memnonis
268 3357 332 3388 sunm
342 3344 430 3404 effigied
461 3343 554 3396 Visitur,
565 3354 590 3390 ut
600 3345 683 3391 Plinius
692 3349 729 3400 36,
742 3349 766 3392 ll
783 3347 841 3396 vult,
851 3349 873 3392 ln
882 3347 974 3408 Serapis

105 3403 189 3460 templo
199 3404 268 3447 torma
278 3402 369 3447 colossi:
386 3417 456 3458 quem,
467 3403 507 3454 ait,
517 3403 628 3449 cotidmrw
635 3404 687 3448 solis
705 3408 756 3450 ortu
765 3411 889 3452 nouaclum
900 3407 974 3454 radiis

107 3471 194 3514 crepare
204 3461 290 3508 dieunt.
322 3460 373 3506 Vid.
385 3461 487 3506 Brotier:
504 3469 568 3508 notas
578 3470 603 3507 et
611 3463 704 3508 emend:
720 3462 803 3510 inhib.
816 3465 845 3510 ll.
857 3468 895 3512 61.

104 3281 147 3328 ope
158 3266 273 3312 Poutnuue
283 3267 356 3312 Sirius
366 3267 394 3312 V.
411 3267 474 3313 Altus
484 3275 518 3312 est
528 3269 595 3326 pedes
607 3271 654 3316 128.
701 3269 705 3276 '
