2166 3834
120 264 251 314 r.u.ar.¹
329 263 400 312 nro.
427 261 479 312 rn.
529 263 608 311 ono.
635 245 803 312 31.-33.
918 242 989 312 tlt

119 417 229 485 ‘natin
257 417 377 478 doauit:
397 417 563 496 iurlioioqna
587 417 918 493 Patmnallgenuum
940 435 992 494 pro

120 518 276 576 ‘Consule
290 535 411 592 gnarum
424 517 557 585 militiae,
580 535 701 593 oorpora
717 518 845 576 validum
859 524 890 576 at
914 519 992 578 hello

120 615 349 676 ‘aulieoturum’
367 619 444 693 quod
457 617 574 676 inltiom
595 618 666 676 Sex.
682 601 837 692 Pompeiuq
861 617 991 692 agitandi

120 719 263 776 advenam
287 716 331 774 Μ.
355 717 501 789 Lepidum
520 717 581 774 odii
608 722 723 784 nantur,
750 722 803 774 ‘ut
831 718 993 785 mentalem,

121 817 273 890 ‘inopem
288 824 319 877 at
333 816 489 874 maioribus
503 816 563 874 enin
583 817 767 882 dedecorum,
789 833 882 890 eoque
904 816 994 876 etiarn

120 922 131 950 ⁴
146 917 238 976 Asiae
252 922 331 990 rorte
344 915 569 990 depellendum?
588 916 746 983 incusavit,
764 917 889 974 elveno
903 918 995 974 Sana·
1061 979 1068 988 ,

122 1021 162 1085 tu,
176 1017 225 1091 qui
240 1015 405 1088 ‘Lepidum
425 1015 526 1074 mitem
550 995 653 1090 magio,
674 1033 759 1090 quarn
782 1016 932 1090 ignavum,
947 1033 994 1089 pr·

123 1124 132 1152 ⁶
146 1121 245 1174 lernae
258 1115 287 1174 ai
298 1115 455 1191 argentias,
464 1122 494 1173 et
503 1115 687 1173 nobilitatem
700 1117 764 1174 eine
777 1116 879 1187 probro
888 1120 993 1183 aotam,

121 1221 132 1250 ¹
146 1217 251 1276 honori
264 1233 351 1290 quam
365 1215 544 1290 ignominiae
565 1212 738 1272 hahendnm’
761 1214 896 1274 dueehat.
937 1217 995 1290 lgi-

125 1321 169 1374 lur
182 1317 289 1374 misano
299 1315 332 1372 in
357 1316 470 1374 Arium.
511 1317 550 1374 hit
565 1317 620 1373 ‘da
643 1312 756 1372 Alrioa’
768 1316 929 1381 decretum,
943 1323 951 1348 ‘
963 1321 994 1374 ul

123 1418 259 1476 ‘Caesar
280 1418 400 1490 legaret,
422 1415 470 1472 oui
493 1416 657 1472 mandanda
679 1412 772 1472 leret?
813 1415 894 1474 lnler
920 1433 993 1490 quae
1005 1418 1047 1476 33

125 1518 254 1575 Severus
270 1513 402 1574 Caenina
415 1515 539 1580 oeneait,
552 1521 560 1546 ‘
574 1531 612 1570 ne
625 1531 710 1588 quem
724 1514 932 1588 magistratum,
944 1516 995 1574 eui

121 1614 302 1692 ‘provinoia
328 1614 508 1679 obt-enimet,
532 1631 606 1670 uxor
631 1612 844 1684 oomilarelur3’
873 1616 994 1672 multum

125 1721 193 1774 anta
208 1713 343 1788 repetito,
365 1714 558 1770 ‘eoneonlem
570 1711 627 1768 nihi
639 1712 804 1788 coniugam,
818 1721 847 1772 at
861 1731 914 1772 aex
934 1731 995 1787 nar·

122 1820 193 1873 ‘lae
222 1814 364 1872 enixam:
398 1829 496 1887 oeque,
517 1829 593 1887 quaa
618 1813 651 1870 in
678 1814 824 1887 puhlioum
846 1817 995 1880 elatraret,

117 1907 134 1950 '⁸
146 1915 228 1973 domi
243 1912 418 1979 servavirae,
442 1911 571 1970 aohihita
586 1914 661 1970 lnlra
685 1913 809 1979 ltaliam,
823 1930 994 1988 quamquam

124 2015 211 2088 ‘ipae
236 2012 326 2086 pluria
350 2029 402 2084 per
428 2012 596 2084 provinciae
631 2013 821 2086 quadraginta
848 2014 996 2085 stipendia
1021 2017 1025 2027 “

124 2113 340 2186 ‘explevisseh
383 2112 469 2168 Haud
482 2111 563 2168 enim
585 2111 689 2170 trustra
703 2112 841 2185 placitum
864 2111 944 2177 ollnr,
959 2129 996 2170 ne

123 2220 133 2250 ⁴
147 2213 276 2271 laminae
290 2212 321 2268 in
334 2209 431 2268 nonina
444 2216 494 2268 aul
513 2216 617 2284 genten
640 2217 778 2268 externae
799 2211 995 2268 traherentur:

119 2313 243 2370 ‘inaure
259 2310 410 2368 mulierum
434 2309 595 2376 comitatui,
615 2327 689 2384 quae
712 2324 814 2381 raonem
837 2310 917 2374 luxu,
939 2311 997 2366 hel·

123 2415 209 2469 ‘lum
231 2409 386 2468 tormidine
412 2417 566 2477 morantur,
588 2415 618 2466 el
645 2410 807 2466 Romanum
831 2423 937 2482 agmen
959 2409 997 2466 ari

125 2510 372 2570 ‘similitudinem
401 2509 514 2566 barbari
541 2509 672 2566 innearua
700 2513 886 2566 convertant.
927 2509 998 2566 Non

124 2608 331 2668 ‘imbecillum
354 2614 466 2666 lantum
489 2615 519 2666 et
544 2609 686 2681 intrarem
713 2607 857 2666 lahorihua
885 2625 998 2678 aarum,

12 2739 14 2748 ι
125 2711 211 2775 teau,
224 2709 251 2765 ai
266 2707 386 2764 lieentia
400 2707 484 2772 adsit,
498 2723 628 2772 naevum,
642 2707 835 2774 ambitionum,
847 2709 998 2781 potestatis

126 2809 288 2866 ‘avidumz
310 2808 441 2864 innidere
465 2807 543 2864 inter
566 2805 685 2872 milites,
703 2807 814 2864 hahere
830 2809 999 2866 numanum

126 2906 364 2966 ‘centurionem
387 2907 566 2979 prateaerliaae
591 2923 682 2978 nuper
703 2905 841 2964 laminam
855 2907 1000 2966 exercitio

126 3013 134 3042 ⁸
148 3007 324 3072 cohortium,
338 3007 460 3064 deourtu
475 3005 630 3079 legionum,
672 3005 920 3079 (imitaremini,
933 3023 1002 3078 qao·
1020 3035 1022 3040 ·

126 3108 229 3164 ‘liena
244 3106 468 3178 renalnntlnrnnr
482 3103 572 3179 aliqui
596 3112 791 3179 arguerentur,
811 3108 892 3178 plura
906 3105 1002 3164 uxori-

126 3207 203 3264 ⁸hne
226 3205 387 3264 obiectari:
415 3205 461 3262 hie
474 3205 573 3262 rtatim
593 3206 801 3264 adhaerescere
815 3205 1001 3262 deterrimum

127 3314 296 3379 ‘quemquo
320 3303 565 3378 provinoialium:
599 3307 637 3364 ab
665 3304 710 3361 hia
739 3301 856 3376 negotia
883 3301 1002 3370 suscipi,

127 3413 136 3444 ⁸
150 3403 292 3480 transigi:
314 3405 434 3462 duorum
447 3419 579 3477 egressus
592 3402 661 3467 noli,
683 3404 741 3458 tluo
761 3415 826 3454 erae
841 3395 1002 3465 praetoria:

124 3503 359 3582 ‘perrioaoihua
388 3501 480 3578 magia
501 3506 533 3560 et
554 3499 763 3575 impotentium
783 3491 935 3552 mulierum
948 3489 1002 3548 iu*-
