2164 3846
80 169 155 238 272
417 186 600 235 snnrnrvrn
804 188 835 235 s.
850 186 881 234 v.
898 183 956 236 ssu.
1074 153 1075 242 i

81 345 151 402 urbe
175 347 272 402 tamen
301 339 332 400 io
358 343 461 400 decern
489 357 580 400 annos
608 340 752 415 prohibita
780 347 833 408 est,
854 343 954 402 donec

29 437 70 498 ⁵0
83 445 177 500 minor
196 441 271 500 lilius
299 441 439 500 lubricum
465 441 604 500 iuventae
625 443 728 498 exiret.
772 443 836 498 lam
861 441 959 498 Tibe·
1074 461 1075 522 l

80 542 154 602 dum
168 559 280 615 eorpus,
299 541 356 598 iam
378 541 464 608 vires,
485 543 611 600 nondum
631 540 825 598 dissimulatio
838 541 952 601 desere·
1074 527 1075 600 l

81 643 141 701 bal.
161 641 240 698 idem
263 641 353 698 animi
375 640 467 714 rigor:
492 657 624 698 sermone
649 657 685 697 ac
706 642 790 696 vultu
811 641 954 707 intentus,
1074 607 1075 696 i

82 741 213 816 quaesita
232 740 375 798 interdum
392 739 530 796 comitate
550 740 683 814 quamvis
703 739 890 796 manifestam
904 740 955 796 de·

81 839 239 898 lectionem
253 843 387 922 tegebat:
407 839 579 914 mutatisque
598 840 713 911 saepius
735 839 817 905 locis,
832 839 957 896 tandem

82 943 158 1012 apud
173 939 397 1012 promontorium
418 938 524 996 Miseni
545 939 687 1004 consedit,
707 938 739 994 in
754 939 837 1020 silla,
851 938 901 994 cui
914 939 957 995 L..

82 1039 222 1098 Lucullus
236 1039 383 1112 quondam
396 1038 537 1095 dominus.
553 1038 626 1103 illio,
639 1055 705 1094 eum
719 1037 953 1112 adpropinquare
1074 1055 1075 1066 ¹

83 1137 233 1210 supremis,
247 1136 299 1194 tali
313 1138 401 1194 modo
415 1144 603 1209 compertum.
645 1137 716 1193 Erat
730 1137 873 1202 medicus,
887 1141 952 1194 arte

82 1236 215 1311 insignis,
235 1237 353 1295 nomine
367 1236 527 1303 Charicles,
548 1253 606 1293 oon
625 1235 741 1310 quidem
755 1253 856 1308 regere
873 1237 952 1292 vale*

82 1337 200 1396 tudinss
213 1336 357 1409 Principis
376 1336 485 1404 solitus,
498 1335 614 1393 consilii
629 1340 725 1392 mmen
739 1334 857 1406 copiam
873 1351 957 1408 praa·

82 1437 159 1492 bere.
202 1435 240 1500 Is,
256 1437 336 1492 velut
352 1435 465 1508 propria
478 1436 515 1491 ad
536 1433 652 1508 negotia
665 1434 841 1507 digrediens,
856 1440 887 1490 et
901 1451 952 1506 per

83 1531 210 1606 speciem
224 1533 323 1598 officii,
344 1551 461 1594 manum
481 1536 661 1606 complexus,
682 1535 795 1606 pulsum
810 1550 952 1590 venarum

83 1631 205 1704 adtiglt3
234 1649 327 1706 neque
351 1632 462 1690 lelellit.
484 1649 555 1690 nam
578 1633 725 1698 Tiberius,
746 1632 891 1690 incertum
911 1649 950 1688 an

83 1730 216 1797 cd'emus,
241 1734 378 1806 tantoque
399 1732 583 1806 magistram
606 1748 749 1805 premens,
776 1730 955 1789 ‘instaurari

83 1827 214 1902 ‘epulas’
240 1829 330 1896 iubet,
356 1831 569 1906 discumbitque
595 1833 668 1888 ultra
695 1831 833 1900 solitum;
868 1830 952 1905 quasi

83 1929 186 1987 honori
206 1931 339 1988 abeuntis
367 1931 457 1988 amici
479 1931 625 1989 tribueret.
667 1931 819 1988 Charicles
843 1937 955 2002 tamen,

84 2030 160 2088 ‘labi
182 2030 323 2102 spiritum,
351 2047 406 2087 nec
434 2033 508 2088 ultra
536 2031 656 2089 biduum
676 2029 863 2096 duraturum?
888 2029 953 2086 ltla·

83 2129 166 2189 crooi
192 2129 327 2188 timrsvil.
356 2129 424 2186 inde
451 2135 558 2187 cuncta
581 2129 743 2204 conloquiis
765 2129 845 2186 inter
871 2145 952 2202 prae·

78 2235 190 2298 untes,
204 2228 313 2286 nuntiis
333 2230 409 2302 apud
428 2229 556 2303 Legatos
570 2233 600 2285 et
613 2230 760 2286 exereitus
773 2229 952 2286 festinaban-

84 2332 137 2384 tur.
178 2327 282 2385 XVll.
297 2327 363 2386 Kal
382 2326 501 2401 Aprilis,
521 2326 679 2391 interclusa
700 2314 807 2394 anima,
820 2327 951 2384 creditus

83 2431 127 2484 est
155 2426 361 2483 mortalitatem
385 2425 560 2499 explevisse.
601 2427 640 2484 Et
668 2419 758 2483 multo
783 2432 951 2500 gratantum

83 2539 234 2591 concursu,
254 2525 292 2581 ad
311 2524 454 2597 capienda
476 2524 590 2600 imperii
611 2525 765 2598 primordia
786 2525 822 2582 O.
838 2525 953 2583 Caesar

84 2622 301 2696 egrediebatur:
322 2639 388 2682 cum
403 2631 522 2697 repente
535 2623 668 2692 adfertur,
695 2623 808 2711 ‘redire
823 2624 952 2682 Tiberio

84 2727 94 2753 ‘¹
103 2737 205 2778 vocem
220 2737 255 2778 ac
267 2720 355 2788 visus,
368 2721 532 2795 vocarique,
541 2723 589 2797 qui
603 2724 778 2780 recreandae
789 2721 950 2781 defectioni

85 2817 200 2876 ‘cibum
223 2819 387 2877 adferrent?
408 2839 499 2894 pavor
519 2822 589 2880 binc
611 2822 643 2879 in
666 2838 786 2878 omnes:
806 2828 837 2877 et
857 2821 949 2878 ceteri

84 2916 191 2993 passim
214 2917 349 2992 dispergi,
372 2936 404 2975 se
431 2921 550 2994 quisque
577 2927 718 2978 maestum
744 2925 794 2976 cut
816 2920 952 2976 nescium·

84 3017 212 3090 fingere:
246 3017 365 3084 Caesar,
388 3016 419 3074 iu
442 3017 589 3076 silentium
614 3019 697 3086 fixus,
719 3035 737 3075 a
760 3033 873 3075 summa
896 3017 960 3091 spe*

83 3113 242 3171 novissima
256 3117 464 3185 exspectabat:
493 3117 596 3174 Macro
608 3117 777 3190 intrepidus
795 3124 813 3148 '⁶
823 3115 952 3189 opprimi

84 3217 203 3268 ‘senem
218 3210 326 3266 iniectu
341 3211 448 3266 multae
462 3213 574 3280 vestis,’
591 3215 681 3282 iubet,
708 3214 897 3289 ‘discedique
911 3215 947 3272 ab

84 3305 223 3363 ‘limine'
250 3306 300 3363 Sic
310 3305 450 3364 Tiberius
458 3309 563 3378 linivit,
574 3319 684 3370 octavo
694 3317 724 3369 et
735 3313 951 3387 septuagesimo

31 3393 69 3449 51
83 3403 187 3460 aetatis
213 3419 300 3461 auno.
353 3403 442 3462 Pater
467 3405 497 3461 ei
522 3407 617 3477 Nero,
639 3414 671 3466 et
694 3411 837 3487 utrimque
867 3411 952 3487 origo
