2134 3826
77 203 153 253 nc.
172 207 211 252 1⁵.
346 201 420 252 nm.
449 201 473 252 ι.
530 181 761 254 maiali.
912 185 960 256 ⁵9

85 363 147 418 rant
155 358 273 417 incerta
284 359 322 416 ab
331 357 444 426 solidis,
455 359 753 435 brevinaprolnndis.
787 360 961 420 Sternuntur

84 458 230 526 ductibus,
256 459 430 516 hauriuntur
455 458 614 534 gurgitibus
641 459 781 528 iumenta,
809 461 960 542 sarcinae:

82 574 206 630 corpora
245 547 389 615 enanima
429 557 606 626 interfluunt,
640 563 805 618 occursant.
844 559 961 632 permir-

83 665 189 716 centnr
211 656 293 714 inter
316 674 348 712 sc
371 656 521 729 manipuli,
545 659 632 716 modo
655 665 782 731 pectore,
805 659 892 715 modo
912 675 962 715 cra

84 761 168 814 tenus
206 759 370 824 exstantes,
400 755 556 829 aliquando
584 761 733 814 subtracto
764 757 828 814 solo
856 756 962 814 disiec-

85 855 117 923 ti,
148 861 202 912 aut
228 853 335 912 obruti.
359 872 418 912 uon
452 871 513 912 vox
546 862 576 912 et
604 855 695 912 mutni
723 855 853 914 hortatus
879 854 961 914 iuva·

85 954 167 1022 bant,
193 955 384 1012 adversante·
398 954 493 1010 unda:
524 954 599 1011 nibil
624 959 757 1012 strenuus
781 957 819 1012 ab
843 955 963 1029 ignavo,

85 1053 208 1126 sapiens
244 1053 283 1109 ab
315 1052 516 1125 imprudenti·
535 1052 661 1110 consilis
688 1069 706 1109 a
733 1069 803 1110 casu
831 1054 962 1112 differre:

88 1158 200 1210 cuncta
214 1151 277 1224 pari
288 1151 431 1208 violentia
440 1152 676 1209 involvebantur.
719 1151 857 1209 Tandem
869 1153 964 1212 Vital-

85 1251 140 1308 lios
149 1252 184 1310 in
193 1243 323 1308 editiora
330 1244 439 1316 enisus,
447 1252 551 1308 eodem
562 1269 668 1325 agmen
677 1251 825 1310 subduxit.
844 1268 963 1325 pernoc-

89 1355 193 1408 tavere
213 1349 282 1406 sine
305 1349 487 1415 utensilibus,
504 1350 572 1407 sine
586 1351 658 1424 igni,
682 1367 866 1426 magnopere
885 1353 963 1410 nudo

89 1455 138 1530 snt
151 1451 284 1506 mulcato
303 1451 424 1520 corpore
439 1468 447 1517 ;
467 1449 544 1506 band
559 1448 653 1508 minus
675 1449 862 1515 miserabiles,
876 1467 963 1526 quam

87 1566 159 1624 qucs
182 1548 277 1606 bostis
300 1547 499 1616 circumsidet,
521 1547 627 1622 quippe
646 1549 704 1606 illis
718 1548 808 1606 etiam
822 1550 962 1608 honestae

90 1647 191 1706 mortis
216 1664 301 1704 usus:
326 1647 373 1702 bis
393 1645 548 1720 inglorium
570 1647 703 1704 exitium.
744 1649 810 1706 Lux
836 1648 963 1706 reddidit

91 1751 220 1816 terram;
243 1752 482 1820 penetratumque
508 1747 546 1803 ad
572 1763 688 1804 ornnem
719 1747 886 1822 Vnsingirn,
905 1765 963 1822 quo

91 1847 201 1906 Caesar
214 1848 310 1902 classe
324 1847 525 1902 contenderat.
540 1845 693 1918 impositae
703 1847 811 1904 deinde
820 1847 963 1921 legiones,

91 1951 222 2020 vagante
243 1945 332 2010 lama,
349 1938 542 2002 submersas:
565 1947 630 2002 'nec
653 1945 724 2002 fides
748 1946 859 2013 salutis,
883 1951 964 2004 unte·

92 2061 174 2120 quam
190 2044 350 2100 caesarem
364 2044 583 2116 exercitumque
598 2045 733 2102 reducem
750 2045 858 2102 videre.
900 2045 963 2106 lam
975 2052 1013 2115 71

92 2143 261 2210 Stertinius,
275 2143 311 2198 ad
325 2142 531 2215 accipiendum
539 2143 569 2199 in
580 2143 760 2200 deditionem
773 2144 965 2216 Segimerum,

91 2241 209 2300 tratrem
231 2242 372 2314 Segestis,
397 2241 578 2314 praemissus,
591 2242 686 2314 ipsum
700 2247 731 2297 et
751 2241 842 2298 ilium
857 2241 920 2298 eins
932 2243 964 2299 in

92 2343 249 2400 civitatem
270 2341 413 2397 Vbiorum
434 2342 615 2413 perduxerat.
628 2342 698 2398 data
718 2323 965 2413 utrique'venin3

89 2440 179 2498 facilc
209 2439 373 2513 Segimero,
394 2439 583 2496 cunctantius
609 2438 687 2496 lilio:
718 2437 786 2512 quia
809 2438 965 2510 Quinctilii

90 2539 164 2597 Vari
190 2555 297 2612 corpus
320 2537 470 2594 intorsisse
489 2539 650 2596 dicebatur.
691 2537 830 2596 (leterum
850 2539 887 2596 ad
901 2556 966 2613 sup·

90 2640 199 2713 plenda
213 2636 362 2694 exercitus
382 2639 490 2694 damna
511 2642 664 2694 certavere
679 2636 807 2705 Galliae,
829 2637 967 2712 Hispani-

92 2755 136 2804 ae,
174 2737 283 2794 ltnlia:
317 2737 392 2808 quod
417 2736 521 2809 cuique
551 2743 723 2808 promptum,
751 2755 839 2804 arma,
866 2757 965 2812 equos,

92 2852 203 2903 aurum,
217 2835 383 2890 offerentes.
397 2851 516 2908 quornm
527 2835 643 2891 laudato
656 2835 752 2892 studio
763 2836 966 2905 Germanicus,

89 2936 177 2992 armis
205 2934 294 2990 medo
319 2938 350 2988 et
376 2931 458 3007 equis
486 2934 523 2988 ad
555 2935 661 2990 bellum
685 2935 817 3004 sumptis,
850 2935 967 3008 propria
1021 2963 1023 2970 ¹

90 3031 220 3108 pecunia
246 3029 369 3088 militem
382 3031 468 3088 iuvit
484 3036 571 3104 utque
584 3031 677 3088 cledis
693 3033 861 3090 memoriam
877 3034 966 3090 etiam

90 3133 235 3189 comitate
249 3129 370 3196 leniret,
383 3129 537 3187 circumire
551 3129 675 3197 saucios,
690 3131 767 3187 lacta
787 3133 966 3215 singulorum

91 3286 207 3333 Oceanum
219 3285 288 3331 hodie
307 3288 399 3330 arcent:
417 3284 569 3344 succrevitque
586 3282 695 3329 maiorum
714 3296 772 3328 aevo
791 3282 832 3328 illa
849 3295 967 3326 arenarum

89 3345 133 3402 vir,
144 3345 236 3391 natione
248 3343 334 3396 caricis,
345 3342 446 3389 contine
457 3343 565 3388 monitore
574 3343 625 3388 dec.
657 3341 719 3396 Ilios.

119 3423 215 3470 Incerto
224 3423 252 3468 ab
262 3422 348 3482 solidis]
378 3421 468 3468 Incerta
478 3425 620 3480 opponuntur
630 3417 714 3470 solidis,
724 3414 786 3474 quia,
795 3413 833 3460 ubi
843 3410 916 3456 solida
925 3423 970 3456 aon

86 3489 149 3544 mut,
163 3481 195 3529 ibi
207 3482 315 3538 lubricus,
325 3479 436 3528 instabilis
446 3484 470 3526 et
480 3479 577 3526 incertos
587 3477 677 3535 gradus.
709 3472 769 3518 mn.
