2172 3842
470 205 693 260 PRAEFATIO.
971 199 1000 254 xl

126 362 210 426 tiano
225 353 428 437 restitutum
452 362 567 424 Iratine
584 371 616 425 ut
633 365 752 447 loquar,
780 361 878 428 inanis
895 360 1001 424 labols

124 479 186 532 est.
211 491 248 531 ac
274 471 373 530 credo
390 490 445 530 eos
472 471 706 544 homines,cum
730 469 791 532 hoc
810 469 999 544 scriberent,

126 575 324 638 indormiisse
340 577 426 638 bello
443 575 594 650 Troiano,
617 587 649 638 et
672 577 755 641 illinc
774 575 927 639 decennia
942 596 1001 640 sna

126 684 288 744 sumsisse.
352 682 486 745 Constat
523 683 603 745 euim
638 684 722 772 apud
761 684 927 766 vigilantes
967 690 1001 747 et

126 791 260 864 sobrios,
280 787 494 852 Domitianum
520 811 537 850 a
568 791 651 852 ludis
678 791 744 852 suis
772 791 999 866 saecularibus,

128 893 243 975 quibus
274 900 364 953 certe
388 890 524 954 Tacitus
562 891 694 955 Praetor
732 892 856 956 Romae
885 893 999 968 adluit,

127 1017 193 1060 vu.
218 999 385 1063 dumtaxat
411 1019 508 1060 annos
534 998 666 1072 vixisse,
696 1009 812 1062 octavo
839 999 1000 1085 conspira-

126 1104 210 1167 tione
226 1125 354 1167 suorum
378 1105 532 1166 occisum.
580 1106 673 1168 Haec
690 1105 757 1168 lere
774 1105 805 1167 in
829 1105 915 1192 Rep.
963 1106 1001 1169 lu

127 1213 252 1298 privata
279 1212 349 1273 cius
377 1211 442 1272 vita
469 1211 632 1274 istasunt.
679 1211 824 1274 onrem
850 1212 941 1276 duxit
964 1233 1000 1275 s.

130 1345 161 1386 v.
186 1345 217 1386 c.
244 1343 419 1386 occoxxx.
466 1321 669 1407 Vespasiano
691 1343 764 1386 rix.
788 1331 820 1384 et
848 1323 886 1386 C.
920 1322 1001 1385 lulio

126 1429 280 1511 Agricola
309 1449 393 1490 coss.
420 1428 589 1509 Agricolae
620 1428 722 1502 filiam,
750 1428 845 1512 idque
883 1429 924 1492 illi
960 1427 1001 1491 ad

131 1547 306 1599 extremam
333 1544 466 1597 aetatem
488 1553 631 1596 ‘concors
658 1543 690 1596 ct
714 1535 911 1618 tranquillum
940 1555 1003 1596 ma·

130 1642 309 1704 trimonium
334 1641 404 1703 fuit.
451 1639 586 1702 hiberos
600 1641 683 1702 harad
704 1640 799 1702 dubie
816 1642 952 1724 reliquit,
969 1647 1004 1703 el

129 1769 169 1812 cx
186 1749 236 1822 iis,
262 1747 320 1809 nisi
337 1747 521 1810 coniectura
536 1747 636 1822 fallor,
662 1748 753 1828 longo
769 1748 935 1810 interuallo
949 1767 1002 1811 ne·

127 1864 234 1941 potem
262 1854 308 1916 M.
335 1853 501 1917 Claudium
532 1853 695 1928 Tacitum,
718 1855 770 1936 qui
790 1826 900 1937 pirates
918 1853 1000 1940 lmp.

129 1962 310 2046 appellatus
326 1969 375 2021 est
394 1960 453 2040 (sic
471 1959 551 2021 enim
575 1981 646 2021 eum
673 1959 898 2044 Imperatorem
916 1980 1002 2022 uum·

130 2071 172 2132 mi
200 2069 371 2154 appellant,
389 2089 449 2130 non
477 2078 511 2128 ut
537 2069 662 2148 vulgus,
686 2066 722 2128 P.
747 2067 886 2130 Annium
904 2065 1001 2129 'I'aci-

128 2177 224 2256 tum)5
255 2175 319 2258 qui,
344 2181 377 2236 ut
419 2173 469 2236 ut.
502 2173 667 2259 Vopiscus
699 2175 806 2248 refert,
837 2179 1002 2260 parentem

131 2302 221 2343 suum
238 2281 397 2366 appellare
423 2282 505 2342 huuc
534 2280 685 2343 Tacitum
710 2281 842 2342 solebat.
890 2279 1001 2342 Histo-

131 2388 193 2448 riae
210 2387 398 2449 scribendae
421 2407 517 2448 senex
544 2386 669 2448 demum
694 2385 831 2460 vacavit,
855 2407 926 2449 cum
954 2405 1002 2448 re·

131 2493 249 2576 liquum
267 2493 377 2554 aetatis
393 2492 423 2554 in
440 2492 507 2554 loro
522 2499 554 2556 cl
581 2492 702 2554 caussis
729 2491 854 2554 orandis
870 2493 999 2574 egisset.

132 2599 184 2661 Ex
213 2599 304 2662 Plinii
330 2598 486 2683 epistolis,
509 2606 541 2659 et
568 2597 718 2660 Tacitum
747 2599 776 2660 iu
803 2598 1000 2684 principibus

132 2706 311 2767 oratoribus
327 2705 436 2779 luisse,
461 2711 492 2765 et
517 2704 673 2766 orationes
704 2705 822 2786 aliquot
848 2704 1000 2778 edidisse,

133 2810 345 2890 intelligimus.
367 2884 370 2888 .
394 2811 557 2892 Aequales
580 2810 699 2884 habuit,
724 2810 857 2872 Fabium
879 2811 1002 2881 Quinc-

133 2917 283 3014 lilianpm‚
300 2925 468 2998 utrumque
494 2915 639 2990 Plinium,
656 2917 768 2978 lulium
786 2915 925 2992 Florum,
943 2915 1001 2979 Se·

133 3023 284 3096 cundum,
310 3023 499 3096 Maternum,
522 3021 569 3083 Μ.
595 3021 732 3106 Aprum,
758 3022 892 3106 Eprium
918 3024 1001 3086 Mar·

133 3128 259 3202 cellum,
290 3127 481 3211 Vipsanium
513 3127 705 3190 Messallam.
769 3113 908 3212 Scripsit
939 3129 1001 3213 pri·

133 3238 219 3296 mum'
248 3233 396 3310 omnium,
422 3234 636 3296 Historiarum
667 3234 763 3295 libros
794 3233 834 3294 ab
864 3253 1000 3294 excessu

135 3339 274 3403 Neronis
290 3340 328 3400 ad
345 3340 510 3422 imperium
527 3339 667 3400 Nervae.
714 3336 840 3398 Deinde
863 3336 1003 3396 Annales

14 3453 16 3458 '
61 3435 63 3440 ’
134 3447 173 3510 ab
201 3446 342 3528 Augusti
365 3464 503 3508 excessu
528 3443 675 3504 adfinem
701 3437 850 3500 Neronis.
896 3431 1006 3494 Nomi·
