2166 3834
108 265 239 316 meaa
324 247 796 320 ura.111.cne.60.-62.
909 249 981 322 165

109 425 212 490 etiam,
236 423 285 499 qui
311 429 381 481 ante
405 425 470 482 -vim
495 425 657 484 Romanam
682 429 844 494 valuerant,
858 429 986 500 decreta,

109 523 299 598 ipsorumque
321 525 481 582 Numinum
503 525 658 598 religiones
679 525 862 600 introspexit,
887 530 986 597 libem,

109 629 144 682 nt
173 624 330 698 quondam,
353 624 421 698 quid
448 625 583 688 firmaret,
604 631 776 683 mutaretve.
795 673 798 680 .
819 627 908 704 Primi
928 616 1037 685 σπι-61

109 724 194 781 nium
216 722 339 794 Ephesii
367 723 473 788 adiere,
490 730 697 792 memorantes,
724 731 810 792 ‘non,
837 731 869 783 ut
884 731 988 800 vulgus

111 825 279 890 ‘crederet,
304 823 432 879 Dianam
452 829 537 896 atque
563 825 731 896 Apollinem
758 827 835 882 Delo
855 826 987 897 genitos:
1080 873 1082 878 ,

111 928 200 978 ‘esse
225 923 301 995 apud
317 941 348 978 se
363 912 542 980 Cenchrium
556 939 681 989 amnem,
705 926 802 980 lucum
825 925 988 998 Ortygiam,

114 1022 185 1078 ‘ubi
210 1022 365 1085 Latonam,
389 1027 470 1093 partu
495 1021 656 1094 gravidam,
680 1027 710 1078 et
733 1025 825 1088 oleae,
839 1041 912 1097 qnae
928 1030 1009 1086 tum,

112 1121 225 1178 ‘etiarn
246 1125 373 1187 maneat,
387 1121 529 1189 adnisam,
543 1121 669 1178 edidisse
683 1139 719 1177 ea
743 1122 889 1178 Numina:
912 1124 989 1180 Deo·

113 1226 254 1294 ‘rumque
269 1219 379 1276 monitu
394 1227 537 1276 sacratum
554 1235 664 1276 nemus.
707 1221 804 1294 Atque
819 1221 912 1293 ipsum
926 1221 988 1279 illic

113 1319 321 1391 ‘Apollinem
350 1324 414 1390 post
441 1318 609 1375 interfectos
635 1319 792 1392 Cyclopas,
808 1319 888 1376 lovis
916 1319 989 1376 iram

114 1416 292 1474 esitavisse.
335 1417 407 1474 Mox
434 1417 572 1474 Liberum
596 1423 716 1490 patrem,
736 1420 812 1474 bello
838 1418 988 1486 victorem,

114 1516 315 1589 ‘supplicibus
342 1518 532 1575 Amazonum,
549 1533 622 1589 qnae
646 1533 725 1573 aram
748 1517 925 1584 insederant,
946 1518 989 1592 ig·

112 1615 265 1672 ‘novisse
323 1617 450 1672 Auctam
480 1616 558 1682 hine,
585 1631 726 1672 concessu
755 1617 899 1680 Herculis,
921 1633 989 1674 cum

114 1714 236 1786 ‘Lydia
251 1713 399 1785 potiretur,
410 1701 618 1770 caerimoniam
633 1717 757 1786 templo:
781 1733 874 1788 neque
889 1715 989 1772 Persa-

115 1819 200 1870 ‘rum
215 1813 325 1869 ditione
339 1812 518 1870 deminutum
533 1813 586 1869 ius.
628 1814 697 1869 Post
714 1813 900 1882 Macedonas,
919 1812 988 1870 dein

115 1919 193 1970 ‘nos
218 1910 403 1969 servavisse?
444 1911 575 1968 Proximi
604 1911 758 1986 Magnetes
780 1914 816 1970 L.
839 1911 987 1984 Scipionis
1000 1907 1042 1966 62

117 2018 151 2070 et
177 2014 213 2069 L.
249 2013 349 2068 Sullae
377 2011 542 2067 constitutis
569 2011 756 2068 nitebantur:¹
791 2027 909 2085 quorum
935 2011 988 2078 ille

116 2110 280 2176 Antiocho,
295 2110 342 2166 hic
360 2109 529 2165 Mithridate
544 2109 642 2180 pulsis,
653 2111 740 2166 tidem
754 2115 839 2181 atque
852 2109 989 2164 virtutem

114 2209 290 2283 Magnetum
317 2210 504 2274 decoravere,
532 2208 575 2263 uti
598 2207 734 2264 ‘Dianae
756 2207 989 2278 Leucophrynae

116 2295 484 2386 ‘perfugium'inviolahile
511 2303 605 2362 toret?
648 2303 890 2376 Aphrodisienses
916 2308 990 2376 post·

118 2410 176 2466 hac
191 2414 221 2464 et
238 2404 474 2464 Stratonicenses
490 2403 651 2460 Dictatoris
666 2401 809 2467 Caesaris,
823 2403 861 2458 oh
876 2405 991 2458 vetusta

120 2507 152 2564 in
180 2505 287 2579 parteis
308 2504 420 2568 merita,
447 2509 478 2559 et
496 2521 607 2573 ,recens
636 2503 674 2558 1).
698 2501 821 2574 Augusti
842 2481 990 2556 decretum
1056 2567 1059 2574 Ι

120 2607 255 2662 attulere.
308 2602 442 2666 Laudati,
470 2603 563 2676 ‘quod
593 2601 762 2656 Parthorum
787 2599 991 2671 inruptionem,

118 2703 212 2760 ‘nihil
229 2707 339 2760 mutata
353 2703 383 2758 in
400 2702 541 2773 Populum
556 2701 718 2756 Romanum
741 2699 916 2762 constantia,
931 2716 991 2770 per·

119 2799 296 2860 ‘tulissent’
348 2802 407 2880 Set}
439 2799 708 2872 Aphrodisiensium
733 2798 840 2854 civitas
857 2797 993 2862 Veneris,
1081 2871 1082 2874 Ἰ

122 2901 388 2960 Stratonicensium
418 2877 498 2956 lovis
522 2907 552 2954 et
581 2897 705 2954 Triviae
735 2897 904 2970 religionem
933 2905 992 2952 tue·

119 3002 236 3057 hautun
282 2999 378 3055 Altius
404 2997 692 3054 Hierocaesarienses
712 3013 881 3066 exposuere,
908 2995 993 3051 ‘Per-

121 3099 235 3157 ‘sicam
250 3099 324 3170 apud
339 3115 371 3152 se
388 3098 523 3160 Dianam,
537 3098 696 3160 delubrum,
711 3112 778 3166 rege
804 3095 893 3167 Cyro,
915 3093 993 3150 dica·

120 3195 221 3254 ‘tum.'
241 3203 270 3252 et
293 3198 524 3252 memorabantur
548 3193 714 3269 Perpernae,
735 3190 866 3256 Isaurici,
892 3195 993 3248 multa·

120 3315 179 3371 que
194 3296 253 3352 alia
270 3297 476 3366 imperaturum
498 3296 624 3357 nomina,
638 3293 686 3367 qui
701 3309 757 3347 non
774 3292 861 3346 modo
876 3293 993 3358 tempto,

121 3397 175 3452 sed
205 3389 470 3450 duohus'millihus
500 3410 632 3464 pitissuum
658 3391 780 3444 earrdem
809 3385 993 3456 sanctitatem

122 3495 297 3556 tribuerant·
337 3493 417 3552 Exin
451 3489 555 3566 Cyprii
589 3490 678 3546 trihus
711 3483 847 3546 delubris,
863 3491 995 3558 'quorum
