2164 3846
108 255 235 320 acan
348 231 782 304 ara.x1.cae.ltl.20.
904 201 979 300 '2'89

109 415 167 470 tur.
187 427 246 470 nec
266 409 372 470 inritae
386 415 435 468 aut
454 411 613 484 degeneres
633 401 758 466 incidiae
780 407 858 466 luere
879 409 980 466 adver·

109 529 161 570 aue
182 511 402 585 treualu'ganret
416 511 587 568 violatorem
612 511 690 568 tidei.
733 511 792 567 Seu
807 509 897 566 caede
917 510 980 567 eiua

110 619 211 669 motae
227 612 411 670 Chaucorum
431 617 552 675 mentes,
563 616 593 668 et
614 611 741 668 corbulo
754 609 867 667 semina
891 611 981 668 rebel·

109 711 201 768 lionia
223 711 393 782 praebebat;
423 717 452 768 ut
467 713 544 767 lueto
566 711 641 783 apud
662 711 820 784 pleroaque,
842 708 883 766 ita
903 709 980 782 apud

110 809 253 885 quaedem
262 809 378 866 ainietra
389 809 474 866 lama.
486 815 494 842 ‘
507 809 566 866 Gur
575 811 686 866 hortem
696 810 826 867 conciret
835 806 847 866 l
856 809 981 866 adversa

112 909 163 966 ‘in
178 907 402 968 Remuublicam
416 925 535 966 casura:
550 909 595 966 rin
610 927 744 983 prospere
758 907 874 982 egieret,
887 907 982 966 lormi-

111 1009 265 1064 ‘doloaum
287 1007 353 1080 paci
368 1009 461 1064 virum
480 1007 636 1082 insignem,
662 1013 693 1064 et
719 1007 828 1082 ignavo
850 1005 981 1080 Principi

110 1105 340 1182 ‘praegravem’
381 1108 472 1182 lgitur
486 1106 625 1165 Claudius
639 1108 713 1164 adeo
736 1123 843 1164 novam
858 1106 888 1164 in
909 1105 981 1162 Gee-

112 1208 229 1265 maniaa
255 1207 315 1264 vim
330 1208 484 1280 prohibuit,
498 1213 529 1264 at
553 1205 653 1285 referri
669 1206 816 1285 praecidio
840 1206 881 1264 cia
907 1205 980 1264 nta-

111 1324 183 1364 mm
203 1307 323 1364 iuberet.
373 1309 435 1365 lam
457 1316 552 1365 eastra
578 1308 610 1364 in·
637 1308 736 1366 hoatili
763 1310 826 1366 eolo
849 1303 980 1365 molienti
991 1293 1033 1351 2⁰

113 1406 355 1464 Corbulonilrae
384 1407 498 1464 litterae
521 1408 686 1465 redduntur.
727 1407 793 1474 ltte,
813 1425 843 1464 re
876 1407 980 1476 aubita,

111 1521 285 1580 quamquam
305 1508 394 1562 multa
407 1505 491 1563 simul
513 1507 736 1574 offenderentur,
758 1513 850 1565 metue
864 1527 901 1566 ex
925 1509 981 1565 lur-

111 1611 256 1679 peratore,
288 1606 470 1678 contemptio
497 1623 535 1663 ex
567 1606 702 1673 barbaris,
731 1608 882 1665 ludibrium
904 1609 980 1681 apud

112 1705 220 1770 socios,
248 1703 320 1761 nilril
348 1704 426 1761 aliud
461 1707 636 1778 prolocutor,
665 1723 749 1780 quarn
777 1703 871 1764 beatae
898 1723 981 1783 quoa·

113 1801 180 1860 dom
199 1803 294 1859 Duces
315 1803 477 1860 Ronanus!
507 1804 621 1878 signum
646 1805 774 1878 receptui
795 1807 885 1863 (tellit.
937 1805 982 1862 Vt

112 1906 211 1960 tamen
226 1901 311 1958 miles
324 1901 414 1960 otium
429 1909 557 1969 exueret,
571 1904 648 1960 inter
663 1903 775 1960 Mo'earrr
787 1905 978 1976 Rhenumque

111 2000 199 2058 trium
230 2007 260 2057 ct
289 2001 395 2074 viginti
422 2001 545 2060 millium
572 2001 667 2076 spatio
697 2003 802 2059 lassam
835 2001 978 2075 perduxit,

112 2117 170 2174 qua
194 2100 307 2157 incerta
327 2101 438 2159 Oceani
462 2107 636 2160 vetarentur.
658 2103 784 2177 insignia
809 2107 905 2159 temen
932 2101 979 2159 tri·

112 2198 214 2271 umphi
233 2198 352 2256 iodulait
376 2200 493 2268 (laesae,
515 2202 647 2276 quamvis
670 2203 776 2258 bellurn
791 2186 978 2273 negavisset.

114 2297 181 2354 Nec
216 2300 306 2354 multo
334 2304 399 2372 poat
429 2298 546 2357 Curtius
572 2299 661 2358 Raiue
688 2301 812 2357 euntlem
840 2304 979 2356 honorem

111 2397 292 2471 adipiseitur,
315 2398 417 2474 quiin
442 2415 511 2474 agro
532 2400 675 2458 Mattiaco
698 2389 858 2456 recluserat
875 2415 979 2471 apecue

112 2496 286 2572 quaerendis
307 2498 391 2555 venis
416 2499 546 2573 argenti,
568 2501 643 2563 unde
666 2499 760 2556 tenuia
783 2499 898 2568 lructue,
923 2513 979 2555 nec

111 2595 143 2654 in
159 2599 277 2670 tongum
299 2597 372 2655 luit:
394 2606 423 2656 at
444 2599 606 2672 legionibus
620 2615 686 2655 cunr
700 2599 807 2655 damno
829 2600 918 2664 labor,
940 2597 979 2654 ei·

110 2697 213 2753 ludere
232 2697 320 2764 rivos,
344 2716 474 2773 quaeque
496 2699 527 2755 in
547 2704 648 2771 aperto
661 2698 771 2772 gravia,
794 2698 911 2754 humum
936 2695 978 2754 ia·

112 2794 976 2871 mmwmmwmmmmmwummw

112 2895 281 2970 provinciae
308 2895 415 2954 cimilia
441 2898 644 2963 tolerabantur,
671 2889 821 2970 'componit
847 2900 977 2956 occultae

111 2994 234 3061 litterae,
258 2995 376 3052 nomine
402 2995 591 3060 exercituum,
619 2996 797 3068 precantium
822 2998 979 3070 imperato

110 3111 183 3161 rem,
210 3099 251 3162 ut,
278 3091 379 3170 quibua
403 3091 594 3170 permiserat-ua
620 3099 690 3154 wael
718 3093 860 3162 exaratae,
881 3094 978 3150 triam·

141 3268 270 3327 Degeneres
277 3268 383 3330 insidiae]
415 3269 467 3316 Non
476 3268 579 3327 indignae
588 3268 677 3316 nornine
688 3269 798 3322 Romano,
817 3272 854 3314 eut
865 3267 914 3326 ipro
923 3265 978 3310 (lor-

111 3327 206 3396 bulone:
232 3329 284 3386 quia
301 3327 417 3398 campania
434 3329 621 3398 transfugam&
640 3329 733 3373 miiitiae
752 3329 894 3394 decertarent.
927 3323 980 3370 Hoc

111 3401 172 3433 earm
182 3391 225 3444 ert,
235 3386 358 3447 quodfidaa
367 3389 493 3434 uwhtwem
501 3388 569 3433 dicate
584 3387 608 3434 rtl
617 3393 658 3444 eat,
669 3389 808 3434 recrementa
840 3382 900 3437 Lapa.

153 3507 225 3546 von.
246 3505 269 3545 t.
547 3489 584 3545 2⁵
