2134 3826
93 206 123 252 n
140 204 171 254 c.
191 209 230 254 n.
330 207 400 255 nr.
425 208 447 257 ι.
501 209 586 258 cn.
612 165 779 261 orfea
928 193 977 264 ro

95 363 152 436 qs'e
178 364 434 424 communicare(
456 365 600 440 Quietum
627 365 697 426 inde
723 367 797 426 iter:
828 367 978 446 ddensqus

94 465 271 524 recentibus
287 483 324 524 aa
339 465 466 540 priorum
485 465 592 524 oblitus
614 467 699 526 miles
713 466 744 526 in
758 467 888 526 hibernis
902 471 978 528 locs·

95 570 152 622 tor.
199 565 353 624 Nnaciata
375 583 412 624 ea
433 565 588 624 Tiberium
612 565 726 624 laetitia
751 581 877 642 caraque
901 566 1030 626 scre-⁵2

95 682 189 722 cere:
207 667 367 739 gaudebat,
392 681 561 738 oppressam
587 665 783 726 seditionem:
813 668 874 732 red,
902 669 980 742 quod

96 765 262 839 largiendis
297 765 432 839 pecumis
459 770 490 822 et
519 765 657 824 missione
685 765 821 824 testinata
847 765 979 826 lavorenr

98 865 227 922 militurn
241 865 447 938 quaesivisset,
460 864 567 922 bellica
589 881 701 940 quoque
722 865 894 924 Germanici
918 869 979 940 glo·

97 963 151 1032 ria,
166 967 338 1038 angebatur.
380 963 494 1022 Retulit
518 969 616 1022 tamen
629 965 666 1022 ad
685 965 827 1024 Sensim
840 966 877 1022 de
893 966 980 1024 rebus

99 1065 201 1140 gestis,
215 1067 365 1138 multaque
379 1065 417 1120 de
432 1063 539 1122 virtute
559 1063 622 1122 eius
643 1063 826 1130 memoravit,
840 1065 931 1138 magia
945 1063 977 1122 ln

100 1166 233 1240 speciem
254 1163 355 1222 verbis
381 1165 530 1231 adornata,
557 1181 644 1239 quarn
668 1169 699 1222 ut
727 1164 842 1236 penitus
868 1164 976 1222 sentiro

101 1267 278 1324 crederetur.
329 1263 520 1322 Paucioribns
548 1265 674 1322 Drusum
694 1267 725 1332 et
749 1263 837 1322 finem
862 1263 976 1338 lllyrici

101 1371 195 1422 motus
210 1362 354 1428 tentavit,
368 1363 420 1418 sed
435 1361 583 1428 intentior,
602 1367 632 1418 et
657 1361 714 1418 lida
728 1360 868 1420 oratione.
887 1379 975 1422 cuno

100 1469 198 1538 taque,
225 1479 302 1538 quae
331 1446 526 1519 Germanicus
540 1461 707 1528 indulserat,
727 1461 857 1522 servarit
883 1463 975 1522 etiam

100 1559 381 1637 spndPannonicos
405 1559 559 1618 exereitus.

138 1663 255 1720 Eodem
269 1676 349 1717 anno
362 1659 439 1717 lulis
452 1677 615 1734 eumenum
628 1659 708 1718 diem
726 1661 809 1730 obiit,
829 1663 867 1719 ob
881 1659 973 1737 impu·
982 1666 1026 1728 53

99 1761 233 1822 dicitiarn
261 1761 332 1816 olim
357 1776 376 1816 a
402 1764 483 1834 patre
506 1761 639 1834 Augusto
666 1761 841 1820 Pandateria
867 1761 974 1831 insula,

99 1875 167 1919 mox
181 1859 294 1934 oppido
316 1858 502 1932 Reginorum,
526 1860 574 1934 qui
600 1860 731 1918 Siculum
757 1859 862 1918 fretum
889 1877 974 1918 seco

98 1962 172 2028 lunt,
186 1961 299 2016 clausa.
341 1958 451 2016 Fuerat
463 1958 494 2016 in
522 1961 707 2036 matrimonio
721 1960 847 2028 Tiberii,
871 1959 973 2020 doren-

98 2061 175 2116 tibus
196 2057 275 2116 Caio
302 2059 334 2114 at
362 2057 467 2124 Lucio,
494 2057 678 2126 Caesaribus,
698 2064 914 2133 spreveratque,
942 2063 974 2116 ut

98 2157 249 2231 imparem.
274 2173 333 2214 nec
346 2156 406 2213 alia
434 2161 493 2214 tam
515 2157 621 2216 intima
644 2157 771 2215 Tiberio
794 2173 899 2214 caussa
918 2173 972 2214 cur

97 2257 237 2315 Rhodum
260 2256 449 2312 abscederet:
480 2257 633 2330 imperium
660 2257 792 2329 adeptus,
818 2261 974 2325 extorrem,

97 2355 249 2422 nomem,
273 2359 313 2422 et,
328 2360 393 2426 port
416 2355 602 2414 interiectum
616 2355 786 2414 Postumum
802 2353 975 2429 Agrippam,

97 2455 194 2514 omnis
208 2454 273 2528 spei
302 2471 435 2528 egenam,
458 2455 559 2530 inopia
572 2473 608 2513 ao
636 2458 704 2514 tabe
725 2457 813 2528 longe
840 2455 973 2528 peremit,

97 2557 253 2612 obscuram
269 2553 328 2611 iore
342 2571 445 2612 necem
460 2554 673 2630 longinquitate
687 2555 786 2614 exsilii
804 2561 892 2614 ratus.
914 2555 972 2614 Par
1005 2567 1007 2572 ’

97 2669 202 2710 censen
239 2652 383 2710 saevitiae
417 2653 449 2710 in
481 2653 686 2728 Sempronium
713 2654 889 2724 Gracchum,
922 2655 972 2731 qui

96 2752 210 2810 familia
223 2751 324 2819 nobili,
338 2753 439 2809 sollers
452 2752 574 2827 iugenio
587 2757 617 2810 et
636 2770 726 2827 prave
740 2753 890 2823 iucundus,
904 2771 972 2812 ean·

96 2853 164 2910 dem
185 2850 293 2909 Iuliam
313 2850 344 2908 in
365 2852 550 2910 matrimonio
571 2851 616 2909 Μ.
637 2851 786 2926 Agrippae
811 2859 973 2912 temerave-

95 2956 148 3008 rat.
190 2951 260 3008 Nec
284 2949 309 3006 is
337 2950 451 3008 libidini
465 2949 541 3008 linis.
562 2950 698 3010 traditam
723 2952 856 3020 Tiberio,
876 2949 976 3024 pervi-

95 3067 153 3107 cax
181 3051 296 3106 adulter
315 3049 501 3107 contumacia
515 3054 545 3108 at
571 3049 647 3108 odiis
661 3049 692 3107 in
719 3050 853 3108 maritum
868 3065 973 3106 accen·

95 3151 201 3208 debat:
223 3149 407 3224 litteraeque,
434 3166 504 3224 quas
532 3149 609 3206 lulia
643 3149 718 3222 patri
743 3151 877 3222 Augusto
905 3162 973 3202 curn

94 3247 294 3308 insectatione
317 3247 434 3306 Tiberii
448 3247 606 3320 scripsit.a
630 3249 769 3304 Graccho
792 3243 975 3313 compositae

93 3351 297 3408 credebantur.
341 3346 434 3420 lgitur
453 3351 566 3402 amotus
591 3343 761 3404 Cercinam,
797 3336 893 3394 Africi
917 3347 976 3385 ma-

92 3449 130 3508 ris
144 3450 285 3518 insulam,
308 3441 635 3523 quatuordecim'annia
660 3437 799 3496 exsilium
827 3421 976 3482 tolerarit.
