2134 3826
87 191 136 262 48
436 203 622 259 suuubrvru
818 213 851 260 u.
868 213 901 261 v.
920 217 976 264 ros.

86 364 256 424 abuentinm
274 365 441 436 lacessere;
461 365 538 439 quod
564 365 610 424 illi
638 366 736 434 moris,
751 363 893 440 quotiens
909 373 977 426 astu

87 467 181 540 magis
202 483 288 540 quam
309 481 360 538 per
380 464 565 522 formidinem
579 465 678 522 cessit.
720 465 835 522 Fuerat
856 467 978 526 enimus

88 563 256 629 Cheruscis,
288 563 390 620 iuvare
419 561 544 633 Onttos3
575 562 628 618 sed
656 561 800 619 exterruit
823 562 977 633 Caecina,

87 663 145 722 buc
166 662 347 720 illucterens
369 676 472 718 arma:
502 665 533 717 et
564 660 690 730 Marsos,
710 661 855 736 congredi
876 679 976 733 ausos,

88 779 225 836 prospero
246 755 356 834 proelio
375 758 516 817 cohibuit.
546 757 549 764 '

37 874 77 936 57
130 862 235 934 Neque
269 860 361 916 multo
390 862 455 933 post
485 855 577 932 legati
604 874 622 914 a
655 858 781 933 Segeste
811 864 975 928 venerunt,

88 963 230 1020 auxilium
250 965 366 1018 orantes
387 960 526 1016 adversus
550 957 610 1015 vim
632 959 824 1032 popularium,
854 977 872 1016 a
904 961 972 1035 quis

88 1061 374 1128 circumsedebatur;
398 1057 540 1116 validiore
561 1059 638 1130 apud
653 1074 704 1114 eos
721 1057 868 1124 Arminio,
882 1077 976 1134 qnan-

89 1161 129 1218 do
149 1162 258 1216 bellum
287 1157 437 1215 suadebat.
491 1157 571 1213 Nam
601 1159 742 1224 barbaris,
771 1166 883 1230 quanto
905 1160 973 1234 quis

90 1258 214 1318 audacie
235 1263 391 1331 promptus,
402 1261 494 1334 ‘tanto
525 1255 617 1328 magis
637 1255 721 1323 lidus,
740 1256 884 1331 rebusque
911 1276 975 1316 mo-

91 1358 129 1416 lis
144 1357 240 1429 potior
252 1358 384 1413 habetur.
406 1355 570 1412 Addiderat
586 1355 726 1428 Segestes
746 1355 853 1428 legatis
868 1357 974 1427 lilium,

91 1456 210 1516 nomine
226 1454 454 1530 Segimundum:
475 1454 527 1509 sed
542 1452 658 1509 iuvenis
678 1452 867 1511 coriscientib
880 1474 976 1516 cunc·

92 1559 214 1614 labatur.
243 1553 349 1629 quippe
382 1569 470 1620 anno,
503 1568 561 1625 quo
595 1550 775 1610 Germaniae
803 1554 974 1625 descivere,

92 1657 227 1714 sacerdos
248 1655 323 1727 apud
347 1653 438 1710 Arum
465 1651 610 1708 Vbiorum
629 1656 755 1719 creatus,
775 1659 893 1726 reperet
914 1657 974 1714 vit.

92 1760 147 1822 tas,
167 1753 299 1828 profugus
320 1753 356 1808 ad
377 1751 511 1809 rebelles.
553 1750 706 1808 Adductus
720 1755 818 1808 tamen
839 1752 872 1810 in
886 1771 974 1828 spem

92 1851 269 1913 clementiae
296 1851 456 1918 Romanae,
485 1848 604 1923 pertulit
624 1847 713 1923 patris
734 1851 895 1909 mandata:
923 1855 974 1912 be

123 2030 213 2082 Quanto
220 2051 250 2060 -
257 2025 360 2086 hebetur]
386 2024 424 2073 lle
432 2023 487 2086 quis,
498 2023 630 2084 praesertim
640 2022 693 2080 tiro,
703 2030 776 2086 putet,
787 2025 824 2072 lric
833 2031 875 2072 aut
884 2027 974 2090 aliquid

94 2089 144 2136 vitii
155 2101 210 2141 esse,
221 2090 246 2132 ot
255 2085 372 2144 legendum
383 2083 411 2128 sit
418 2085 547 2142 promptior,
558 2091 598 2128 ant
607 2082 712 2129 omissum
723 2085 818 2146 aliquid,
828 2091 854 2131 ut
871 2088 973 2136 addatur

94 2150 173 2207 mngir,
184 2153 273 2194 cuntuur
283 2153 317 2191 est
326 2159 340 2190 a
348 2143 419 2200 nobis,
436 2157 485 2188 cunr
505 2141 636 2198 monuimus,
654 2143 675 2190 T
677 2143 758 2191 anitum
771 2144 869 2192 libenter
880 2149 972 2196 variare

94 2209 234 2256 orationem:
252 2213 299 2252 tum
309 2212 401 2250 seretur
417 2201 467 2248 aliis
482 2201 589 2262 exemplis
606 2201 722 2249 similibus.
754 2205 829 2264 Supra
842 2219 863 2251 c.
882 2209 923 2252 52.
935 2209 974 2255 sni

94 2271 211 2326 intentior,
222 2274 242 2316 sl
252 2269 304 2328 fida
318 2266 427 2314 erutione:
443 2264 559 2310 iutellectn
569 2279 607 2310 ocu
615 2265 695 2322 magis,
706 2266 766 2325 quod
776 2265 874 2314 libenter
883 2271 974 2319 omittit

95 2335 179 2385 noster,
190 2345 253 2376 more
268 2328 411 2376 Graecorum.
423 2339 474 2371 mox
484 2339 503 2368 c.
519 2325 555 2370 58.
572 2325 624 2384 quio
635 2339 708 2381 norem
717 2339 783 2384 quom
795 2326 879 2372 bellum
890 2332 973 2385 probo-

96 2391 153 2438 bnm.
170 2392 326 2448 obliquando
340 2385 508 2443 inopiumtarrb
525 2384 617 2430 maiora.
637 2383 694 2430 Em.
728 2385 753 2430 ln
771 2385 844 2444 primo
862 2391 972 2451 exemplo

95 2451 158 2498 uulln
169 2457 203 2494 est
212 2445 358 2507 comparatio.
391 2445 412 2490 N
416 2458 451 2488 arn
469 2442 614 2502 miniurefidn
626 2443 667 2489 luit
682 2443 757 2488 oratio
771 2444 800 2490 de
819 2448 970 2497 Germanico.

96 2509 177 2557 Paullo
187 2513 239 2553 ante
257 2504 389 2564 hicquorrdn
405 2517 448 2548 nou
458 2502 552 2547 multuru
570 2503 669 2549 differta
681 2501 775 2548 carrarali
794 2505 853 2561 quod
869 2521 887 2550 s.
907 2510 971 2567 quin,

95 2569 181 2615 latente
190 2567 286 2627 quadarn
304 2561 461 2620 significatione
479 2562 588 2617 temporis.
620 2562 664 2608 Sed
674 2575 740 2620 quum
757 2568 845 2622 tempus
865 2579 919 2612 mox
932 2583 972 2621 ρχ.

95 2627 204 2690 primatur
212 2625 279 2670 rebus
288 2621 358 2678 motis,
370 2627 459 2667 veretur
470 2619 486 2666 l.
499 2619 569 2667 Gron.
580 2636 609 2668 ne
624 2620 681 2680 quod
696 2621 733 2666 vel
750 2623 857 2680 quereiam
872 2625 973 2674 scriben-

95 2715 147 2760 dum
167 2711 195 2757 sit
236 2710 260 2756 ln
277 2707 333 2753 cod,
351 2707 410 2764 euim
428 2719 475 2751 esse
493 2721 542 2764 quo,
560 2707 713 2766 compendium
729 2705 865 2766 ambiguum,
881 2725 911 2757 ex
926 2727 972 2775 qno

96 2774 164 2820 etiam
175 2785 232 2816 nunc
242 2768 316 2828 turpia
326 2767 432 2813 nonnulle
440 2767 520 2811 menda
531 2767 623 2812 haerent
634 2766 657 2812 in
666 2765 713 2812 Cic.
726 2765 785 2826 Epp.

125 2850 195 2908 Apud
214 2850 286 2894 Arum
304 2845 421 2906 Vbiorum]
453 2845 568 2905 Frequens
586 2844 648 2891 buius
664 2859 717 2892 arae
732 2846 823 2892 mentio.
855 2847 921 2898 Vidi.
948 2851 971 2897 ui

95 2913 166 2958 vellet
177 2910 275 2956 Bonnam
290 2921 346 2953 nuuc
356 2921 410 2951 esse.
429 2919 471 2962 ego
489 2919 576 2960 vereor,
590 2910 616 2949 nt
632 2904 722 2964 propius
732 2904 827 2950 ublrrerit
837 2907 867 2952 ab
884 2923 915 2968 op
933 2912 971 2956 ido

97 2973 211 3020 Vbiorum.
242 2965 356 3026 Quidquid
375 2965 441 3011 hodie
456 2964 492 3018 rit,
509 2971 565 3024 puto
573 2964 681 3022 originem
692 2962 713 3008 ei
732 2964 805 3010 lecca
822 2975 971 3015 venerarmne

96 3029 199 3090 Augusti,
210 3027 245 3075 cni
263 3041 321 3072 novo
338 3026 413 3070 coeliti
424 3037 462 3069 ara
473 3023 526 3072 illic,
538 3031 627 3084 recepto
645 3022 784 3076 adulatione,
795 3032 918 3082 exstructa,
936 3030 971 3074 uti
1003 3019 1009 3034 ⁸

96 3106 136 3136 ara
146 3087 255 3145 lugduni,
271 3085 331 3130 etad
342 3099 390 3129 erun
411 3083 536 3129 secerdotes
552 3098 579 3128 err
596 3081 728 3142 primoribus
745 3082 826 3138 gentis,
844 3083 905 3130 inter
930 3101 969 3132 uos

65 3169 68 3179 ,
96 3149 133 3196 hic
152 3144 303 3201 argimundus,
337 3143 390 3198 Ltus
429 3141 464 3186 aie
481 3141 550 3186 etiarn
568 3141 686 3186 Cluverius
701 3141 779 3185 etalii.
813 3143 969 3192 Nonnullriu-

96 3205 168 3262 telligi
184 3209 264 3263 putant
281 3201 384 3258 oppidum
396 3199 504 3244 Vbiorum
520 3215 539 3244 c.
559 3204 594 3244 36.
612 3198 810 3245 nortmanniam
829 3203 925 3264 Agripp.
945 3220 966 3250 v.

96 3262 227 3312 cellensi.
250 3264 275 3307 Α.
293 3261 321 3306 Τ,
342 3261 357 3305 Ι.
375 3274 396 3319 p.
414 3261 462 3304 245.
484 3258 522 3316 qui
547 3273 593 3302 reru
618 3259 639 3302 iu
660 3258 733 3302 medio
756 3259 869 3320 relinquit
905 3263 966 3310 Em,

96 3325 188 3383 Optime
204 3319 245 3373 illi,
261 3319 297 3379 qui
309 3333 335 3363 ex
344 3319 391 3362 Aru
404 3315 511 3360 Vbiorum
521 3317 616 3360 crevisse
625 3321 705 3376 putant
714 3317 818 3372 oppidum
837 3318 889 3376 Vn,
901 3322 967 3368 sitnm

96 3382 119 3427 in
138 3382 218 3426 eodem
235 3379 281 3422 ren
299 3378 355 3421 loco.
374 3391 417 3434 quo
432 3376 524 3432 posthac
540 3375 580 3419 luit
596 3374 689 3419 Coloni·
715 3376 801 3436 igripp.
824 3379 910 3424 Annus
927 3395 969 3439 quo

97 3440 204 3484 desciuere
214 3437 240 3482 G.
255 3435 312 3480 lraud
324 3435 389 3478 dubio
400 3433 527 3500 deriguntur
536 3447 557 3480 a.
576 3431 605 3479 V.
616 3435 666 3480 762.
678 3447 743 3493 quem
754 3441 831 3483 secuta
839 3446 877 3484 est
892 3438 969 3487 clade.

97 3497 205 3553 Variana,
215 3509 259 3541 non
268 3496 319 3541 ibt.
331 3499 356 3540 ut
367 3490 438 3549 llyslr.
454 3489 539 3537 scribut.
