2164 3846
75 146 153 222 286
197 227 207 248 ,
402 167 588 222 enisurum
798 175 832 219 ι,
846 170 876 218 v.
892 173 951 222 unu.

74 323 270 390 oblitteratis,
292 320 491 398 adspiciuntur
513 322 602 380 etism
623 321 748 382 nuncin
763 340 831 382 aere
855 324 951 398 pubii-

25 411 178 484 l5coudis
197 422 358 498 plebiscitis
372 441 422 496 per
445 423 506 483 tora
529 439 565 478 ac
588 423 696 494 tempta
721 423 791 482 fixo.
833 423 949 482 Retulit

75 523 184 582 deinde
217 523 254 580 ad
289 523 440 588 Senatum,
465 539 551 593 suprer
578 521 706 596 cottegio
739 522 948 598 Haruspicum,

75 629 134 682 ‘ue
148 621 346 680 vetustissima
367 621 472 680 ltaliae
491 620 647 694 disciplina
662 639 714 694 per
736 622 880 681 desidiam
893 641 948 682 ex·

75 725 258 782 totercerst:
279 739 367 796 saepe
380 720 511 787 adversis
526 719 612 794 Reip.
632 721 809 792 temporibus
823 723 947 792 accitos,

76 829 214 897 ‘qnorum
240 821 351 880 monitu
379 820 588 894 redintegratas
618 819 821 888 caerimonias,
854 826 885 878 et
911 820 952 878 iu

77 926 85 954 ‘
96 927 241 996 posterum
253 919 359 978 rectius
373 919 486 976 habitas
498 918 690 992 primoresque
711 918 845 976 Etruriae
859 935 947 992 spou-

76 1025 135 1086 ‘tu,
162 1025 212 1079 aut
246 1019 365 1076 Petrum
398 1017 594 1074 Romanorum
627 1016 761 1090 impulsu,
788 1017 946 1074 retinuisse

77 1118 259 1185 ‘scientiam
282 1121 313 1174 et
335 1117 366 1174 iu
391 1115 517 1174 familias
542 1133 733 1190 propagasse:
766 1117 842 1190 quod
864 1133 946 1175 nnnc

77 1217 214 1292 ‘segnius
247 1213 319 1282 tie'ri,
345 1213 462 1288 publica
496 1212 577 1271 circa
611 1215 702 1272 bouus
735 1218 813 1270 artes
848 1231 948 1272 socor-

76 1317 152 1384 ‘dia,
177 1322 208 1372 et
228 1315 296 1388 qnia
321 1317 462 1370 externae
482 1311 702 1385 suparsritioues
727 1313 944 1382 vacuantes

75 1415 170 1470 ‘taeta
194 1413 312 1486 quidem
337 1411 369 1468 in
397 1427 533 1484 praeseus
556 1409 674 1480 omnin
692 1411 745 1466 sed
766 1409 945 1483 benignitati

76 1513 194 1570 ‘Deum
209 1509 332 1584 gratiam
346 1509 537 1576 reserandam,
556 1527 594 1568 na
609 1509 677 1566 ritus
691 1525 847 1578 sacrorum,
866 1510 947 1567 inter
1071 1497 1072 1504 ἵ

75 1605 226 1680 ‘ambigua
238 1604 321 1672 cuiti,
341 1623 393 1678 per
414 1622 550 1678 prospera
573 1603 826 1664 oblitterarentur!
867 1606 944 1664 Fac-

75 1710 135 1764 trum
149 1723 190 1762 ex
213 1721 249 1760 eo
265 1704 342 1760 sca
378 1705 531 1762 ‘viderent
550 1703 717 1772 Pontifices,
730 1721 803 1778 quma
817 1703 946 1762 retinen·

75 1803 132 1860 ‘da
145 1802 341 1876 firmandaque
356 1799 568 1874 Harmpioumss

24 1912 63 1970 16
113 1899 227 1960 Eodem
241 1916 319 1958 anuo
339 1898 553 1956 tibeumcorum
573 1917 647 1973 genu
660 1901 772 1975 Regem
785 1901 881 1960 Roma
894 1919 947 1975 pe-
1071 1897 1072 1964 J

74 1997 152 2068 tivit,
185 1998 298 2056 amissis
328 2015 380 2072 per
406 1997 522 2060 interna
548 1998 626 2056 bella
647 1998 802 2065 nobilibus,
824 2005 857 2058 et
883 2017 946 2060 uno
1071 1973 1072 1996 Χ

75 2097 186 2172 reliquo
207 2094 305 2168 stirpis
329 2093 450 2168 Regiae,
472 2093 522 2168 qui
543 2095 619 2166 apud
642 2095 746 2152 nubem
772 2096 945 2158 nabebatur,

74 2195 194 2258 nomine
215 2191 344 2252 Italicus.
395 2191 552 2250 Paternum
574 2192 642 2250 huic
666 2210 757 2267 genus
784 2211 803 2250 e
823 2194 945 2264 Flavio,

75 2293 162 2351 fratrs
187 2291 324 2349 Arminii.
351 2296 443 2349 mater
461 2309 499 2348 ex
515 2291 694 2358 eattumero,
715 2291 855 2365 Principe
876 2293 945 2352 cat-

74 2395 168 2448 torum
182 2393 261 2448 erat:
282 2389 345 2464 ipse
369 2387 459 2446 torma
480 2389 610 2456 decorus,
624 2393 655 2446 et
679 2389 766 2446 armis
793 2391 945 2468 equisque,

75 2491 106 2548 in
132 2487 254 2561 patrium
279 2495 463 2562 nostrumque
494 2503 613 2554 morem,
639 2488 794 2546 exercitus.
850 2490 947 2564 Igitur

75 2585 185 2648 Caesar
203 2592 321 2644 auctum
340 2585 473 2660 pecunia,
494 2585 599 2644 additis
623 2586 817 2660 stipatoribus,
847 2589 946 2646 borta-

74 2685 262 2759 tur‘gentite
286 2687 377 2743 decus
399 2701 506 2758 magno
529 2684 628 2742 animo
650 2701 812 2758 capessere.
856 2687 946 2746 Itium

74 2783 226 2856 ‘primum
240 2783 351 2842 Romae
361 2789 465 2853 ortum,
479 2801 534 2842 uec
548 2783 688 2850 obsidem,
702 2785 753 2841 sed
769 2783 880 2853 civem,
900 2785 943 2843 ire

74 2886 245 2938 ‘externum
259 2883 296 2938 ad
319 2881 495 2954 Imperium'
536 2883 582 2940 Ac
597 2882 689 2954 primo
711 2884 804 2940 taetus
818 2884 941 2942 Germa·

73 2979 119 3040 nis
132 2981 284 3048 adventus,
297 2985 382 3054 atque
396 2999 433 3038 eo
453 2982 556 3056 magis,
568 2983 654 3056 quod,
678 2981 764 3040 unitis
788 2982 942 3041 discordiis

72 3077 200 3143 inbutus,
233 3079 295 3150 pari
324 3078 356 3134 in
388 3095 490 3137 omnes
517 3080 613 3137 studio
638 3085 755 3155 ageret:
789 3082 942 3149 celebrari,

70 3247 168 3316 eiusdem
175 3248 248 3294 Notas
258 3251 282 3292 et
293 3245 453 3316 innota-tiones
463 3251 493 3296 ad
504 3253 578 3298 Annei
588 3253 630 3300 xl.
644 3255 677 3299 14.
689 3257 713 3299 et
723 3253 782 3314 illas,
792 3255 906 3316 longiores
914 3257 939 3304 ut

71 3305 108 3350 bre
117 3307 285 3360 transferantur,
295 3319 317 3350 ru
327 3305 425 3352 editione
432 3306 566 3357 Ernestisna
574 3310 605 3358 ab
611 3311 729 3359 Oberiiuu.

77 3381 227 3444 wrcen
257 3383 355 3439 oras.
