2166 3834
131 193 201 241 ae.
222 193 258 240 rs.
359 187 495 240 urn.1r.'
545 172 807 243 caeca-67.
935 179 1003 244 111

129 345 234 420 deligit
248 345 466 413 centurionem,
486 348 535 421 qni
550 349 695 408 nuntiaret
717 347 857 424 Regibus,
871 365 905 406 ue
919 347 1008 410 acad

132 442 339 521 disceptarent:
367 446 522 521 statimque
540 449 670 521 allotye
691 449 812 507 dimissa
836 455 913 514 sunt,
935 467 1008 523 qnae

130 549 297 615 paraverat,
312 543 434 600 auxilia.
456 545 651 618 Rhescuporis
668 547 748 618 heta,
759 547 901 604 modestia
916 555 1010 619 portu·

132 641 184 707 lat,
205 638 325 697 mnam
344 639 376 696 ia
395 640 485 698 locam
505 641 644 700 oriretur:
668 661 750 721 posse
770 643 801 700 de
815 642 1011 702 controuersiis

132 737 269 814 colloquio
278 737 413 814 affligi.
430 757 484 797 neo
499 741 548 798 diu
559 743 721 800 dubitatum
733 745 769 802 de
783 749 924 816 tempore,
936 744 1012 810 loco,

132 837 200 894 dein
214 838 455 896 conditionibus:
476 855 542 896 eom
556 843 631 898 alter
645 841 798 907 facilitate,
812 843 888 898 alter
902 840 1011 906 fraude,

133 942 240 992 concta
255 935 334 992 inter
346 954 378 993 se
389 939 588 996 concederent
602 940 838 1012 acciperentque.
883 939 1013 994 llheeou·

132 1035 208 1106 poris
237 1035 411 1098 sanciendo,
445 1043 476 1093 ut
502 1037 668 1102 dictitabat,
700 1037 812 1094 foederi
839 1036 1012 1092 convivium

133 1133 253 1190 adiicit:
280 1139 431 1207 tractaque
459 1135 490 1192 in
518 1138 639 1192 maltam
664 1143 783 1192 noctem
811 1135 934 1200 laetitia,
962 1151 1013 1207 per

133 1235 234 1304 epulas
249 1249 285 1288 ac
303 1233 497 1290 vinolentiam
513 1231 665 1292 incautum
679 1233 790 1307 Cotyn,
804 1240 844 1300 et,
859 1243 1012 1306 postquam

132 1330 232 1386 dolum
245 1331 447 1398 intellexerat,
458 1347 543 1388 roera
553 1331 644 1406 regui,
655 1329 777 1388 eimdem
779 1318 915 1410 saeuitiae
925 1331 1012 1400 Deua,

132 1433 158 1484 et
182 1427 336 1504 hospitalis
369 1445 481 1486 mensus
513 1434 720 1496 obtestantem,
754 1431 868 1488 catenis
898 1436 1011 1488 onerat.

134 1525 326 1600 Thraciaque
339 1528 419 1584 omni
442 1529 549 1600 potitor
564 1530 679 1600 scripsit
694 1531 730 1585 ad
746 1529 909 1596 Tiberium,
923 1535 1012 1585 etrac-

130 1631 176 1682 tus
189 1625 248 1682 ethi
269 1625 400 1693 insidias,
417 1634 598 1703 praeventam
617 1628 828 1687 insidiatorem
852 1631 937 1688 simul
953 1631 1013 1686 hel·

128 1725 188 1782 lom
217 1727 360 1782 adversus
397 1727 554 1784 Basternas
590 1729 774 1802 Scythasque
803 1730 1011 1801 praetendens,

128 1825 217 1882 novis
233 1825 366 1894 peditum
381 1831 411 1880 et
426 1826 555 1898 equitum
569 1827 663 1897 copiis
678 1845 742 1883 sese
754 1829 894 1884 firmabat.
936 1825 1012 1882 Mol

128 1923 197 1980 liter
219 1924 405 1993 rescriptum,
436 1925 480 1979 ‘ei
501 1923 577 1980 treus
597 1927 721 1992 abesset,
743 1943 826 1994 prosse
842 1942 908 1981 eum
927 1926 1012 1980 iuno·

133 2021 274 2077 ‘centiae
288 2021 397 2076 fidere:
422 2028 551 2078 ceterum
572 2041 665 2096 neque
686 2042 727 2088 ee,
750 2040 844 2094 neque
860 2024 1012 2086 Senatum,

130 2121 207 2176 ‘nisi
219 2120 341 2191 cognita
350 2135 462 2182 caussa,
474 2121 518 2176 ius
532 2128 561 2176 et
573 2122 708 2194 injuriam
717 2121 905 2176 discreturus.
917 2118 1011 2189 proin·

129 2220 196 2282 ‘de,
226 2218 334 2273 tradito
362 2218 468 2290 Cotye,
494 2219 607 2276 veniret
630 2218 852 2288 transferretque
866 2213 1011 2297 invidiam

127 2313 304 2372 ‘criminis.'
345 2313 406 2370 illes
422 2317 532 2372 litterae
548 2319 683 2374 Latinius
700 2315 826 2376 Pandae,
840 2313 1011 2382 Propraetor
1022 2314 1059 2371 66

127 2415 276 2472 Moesiae,
302 2431 370 2468 cum
399 2415 547 2474 militiano,
578 2415 641 2488 qais
667 2415 762 2485 Cotys
789 2413 957 2475 traderetur,
979 2410 1010 2467 in

131 2513 298 2568 Thraciam
314 2513 401 2567 misit.
445 2514 649 2584 Rhescuporis,
672 2512 749 2567 inter
769 2517 880 2566 metum
892 2515 922 2565 et
936 2509 1010 2566 iram

128 2618 298 2673 cunctatus,
314 2611 543 2682 moluitpatreti,
558 2629 644 2684 qaam
665 2609 779 2680 incepti
792 2609 928 2666 facinoris
943 2625 1008 2664 reus

128 2725 193 2765 esse
204 2729 215 2763 :·
239 2705 328 2763 occidi
350 2708 441 2781 Cotyn
461 2709 551 2775 iubet,
570 2713 737 2782 mortemque
756 2713 850 2781 spem
870 2712 1009 2782 sumptam

129 2807 299 2862 ementitur.
345 2808 408 2862 Neo
431 2813 528 2862 tamen
552 2808 661 2862 Caesar
684 2785 807 2877 placitus
828 2809 917 2860 semel
932 2811 1009 2860 artes

129 2906 268 2966 mutavit,
290 2905 352 2966 sed,
373 2905 514 2960 defuncto
540 2905 650 2966 Pande,
673 2921 757 2975 quem
780 2903 836 2958 sihi
864 2903 1009 2958 insensum

125 3006 328 3074 Rhescuporis
343 3007 492 3076 arguebat,
508 3003 698 3073 Pomponium
717 3005 866 3069 Flaccum,
880 3007 1009 3057 veterem

41 3168 43 3173 s
128 3103 297 3174 stipendiis,
312 3109 341 3157 et
361 3109 423 3160 arta
443 3119 511 3158 cum
528 3103 608 3172 Rege
631 3102 772 3164 amicitia,
791 3117 882 3172 eoque
896 3113 1010 3154 accom-

129 3202 324 3260 modatiorem
346 3203 381 3256 ad
407 3201 576 3267 fallendam,
604 3202 641 3255 ob
669 3201 699 3255 id
725 3198 856 3254 maxime
879 3194 1009 3251 Moesiae

130 3300 284 3373 praefecit.
329 3295 513 3355 Flet-,casin
544 3297 705 3352 'l'hraciam
726 3299 931 3368 ¹transgressae
960 3303 1009 3352 per
1020 3287 1059 3344 ΒΖ

129 3397 267 3474 ingentia
287 3399 438 3472 promissa,
453 3393 587 3472 quamvis
610 3391 778 3462 ambiguum
792 3390 823 3438 el
835 3382 947 3436 ⁵⁰0¹²¹⁸³
960 3392 1016 3430 Μ
