2164 3846
34 228 38 238 ·
89 195 171 274 288
421 213 607 268 ιιιιιιιιιι
821 227 848 274 n
863 222 895 273 v.
910 223 968 276 ane.

97 391 152 448 pur
173 370 296 439 chauci,
315 373 395 430 nulla
418 373 599 432 dissensione
617 373 707 443 nomi,
725 377 759 432 et
778 380 870 435 morte
891 378 968 436 San·
1070 409 1071 428 ι

98 471 191 549 quinii
217 475 341 534 alberea,
373 473 442 532 (lum
469 471 597 531 Corbulo
626 473 779 544 adventat,
798 475 967 534 inleriorern

98 571 288 630 Germaniam
301 571 495 638 incursavere.
515 573 589 628 rluoe
610 571 791 631 Gannaeno:
812 574 860 649 qui
873 574 967 632 natio·

96 687 136 728 ne
156 669 345 736 crumperet,
367 669 519 728 auxiliaria
532 679 562 728 et
576 670 626 728 diu
639 671 768 740 meritae,
789 679 855 746 poet
871 681 963 732 ιιιιιιιι-Ι

89 767 170 842 luga,
192 769 308 826 levibus
330 767 455 843 navigiis
470 769 697 840 praedabundus,
712 771 864 829 Gallorum
883 789 966 830 mnx-

93 867 154 926 ime
172 883 253 927 oram
276 871 417 938 vertebat,
439 886 498 926 non
529 868 654 943 ignnrnr,
676 868 752 926 diter
783 876 815 926 et
837 871 967 928 inbelles

89 983 168 1024 erre.
211 971 253 1028 At
274 968 401 1026 Corbulo
414 967 595 1040 provinoiam
608 968 762 1042 ingressus,
776 980 966 1042 magnacum

92 1082 173 1134 eura,
203 1072 234 1124 et
265 1084 332 1124 mox
360 1066 461 1142 glorio,
494 1067 544 1124 eui
573 1065 748 1140 principium
774 1067 826 1124 illa
856 1067 965 1126 militia

90 1163 158 1234 luit,
190 1168 321 1224 triremes
354 1169 441 1223 alveo
475 1164 582 1230 Rheni,
614 1169 727 1222 eeteros
761 1165 889 1234 navium,
930 1169 964 1224 nt

94 1282 224 1341 quaeque
239 1266 359 1334 babilea,
379 1281 430 1337 per
449 1263 594 1321 aestuaria
609 1269 640 1320 et
651 1263 744 1320 loeear
765 1264 885 1338 adegit:
908 1264 963 1324 lin·

92 1366 239 1438 tribusque
260 1363 386 1421 boatium
405 1363 558 1434 depreaaia,
572 1365 602 1418 et
621 1365 776 1420 exturbato
790 1363 961 1433 Gannasco,

93 1461 142 1520 nbi
163 1461 326 1535 praesentia
352 1461 423 1518 antio
442 1461 602 1535 composita
630 1466 708 1528 runt,
735 1461 875 1535 legionen,
892 1480 962 1536 ope·

91 1577 155 1618 turn
169 1565 200 1616 et
219 1559 325 1616 laboris
340 1559 465 1634 ignarae,
488 1558 720 1634 populationibus
733 1561 889 1639 laetanter,
910 1579 961 1619 re·

90 1663 183 1718 terem
202 1659 240 1716 m
259 1673 369 1716 morem
395 1658 526 1730 reduxit3
547 1677 585 1718 no
604 1659 668 1734 quia
692 1659 810 1732 agmine
836 1659 960 1719 decede·

91 1765 145 1825 ret,
178 1774 233 1816 nee
267 1775 404 1832 pugnam,
438 1757 497 1815 nini.
529 1759 634 1825 iussum
665 1757 762 1816 iniret.
807 1758 959 1830 italiana,

92 1857 225 1934 vigiliae,
243 1856 346 1915 diurna
378 1863 575 1932 nocturnaque
605 1857 713 1924 munia.
740 1856 773 1914 in
792 1856 881 1916 armir
899 1859 960 1934 agi·

89 1959 236 2018 tabanlnr.
275 1957 441 2031 Feruntque
461 1955 611 2020 ‘militem
624 1955 692 2030 quia
707 1957 818 2014 vallum
832 1971 892 2014 non
911 1973 964 2016 ao·

91 2057 234 2124 ‘oinotue
247 2054 444 2130 atque‘nlium,
454 2053 522 2128 quia
536 2053 661 2128 pugione
676 2057 788 2112 tautum
806 2054 959 2115 anninotna

91 2159 226 2226 ‘luderet
240 2163 331 2216 morte
345 2153 479 2229 punitor!
499 2173 572 2229 quae
586 2155 688 2225 nimia,-
706 2161 736 2213 et
755 2155 902 2216 incertum
921 2175 962 2218 an

89 2257 164 2316 lalro
184 2257 272 2323 iaetu,
284 2254 425 2329 originem
439 2259 569 2312 lamere
588 2255 746 2312 aeveritnte
767 2255 862 2312 Duria
883 2263 961 2316 trax·
1070 2299 1071 2322 ι

90 2371 161 2414 ere:
194 2355 394 2428 intentumque
414 2358 444 2411 et
465 2352 578 2427 magnia
597 2353 714 2410 ‹leliotie
744 2351 961 2415 inexorabilem
1070 2371 1071 2376 ’

89 2454 175 2522 eoba,
204 2453 257 2512 eoi
280 2458 393 2510 tentum
423 2451 587 2526 asperitatis
607 2452 697 2509 etiam
716 2452 858 2510 adveraua
878 2454 961 2513 leria'
1070 2459 1071 2462 ’

40 2549 269 2610 l9eredebnlur.
310 2552 447 2610 Ceterum
471 2551 496 2608 ia
518 2555 609 2608 terror
628 2550 736 2614 militer
748 2551 908 2626 boeteeque
927 2551 960 2612 in

85 2651 236 2708 (liverium
266 2650 383 2708 adiecit.
414 2666 467 2708 noa
492 2649 630 2708 virtulem
657 2650 812 2706 auximus:
843 2650 959 2709 barbari

89 2746 227 2806 leroeiam
251 2749 403 2824 infregere.
443 2747 483 2807 Et
505 2746 586 2804 natio
606 2746 764 2806 Frisiorum
785 2754 852 2821 poet
865 2751 960 2808 rebel-

88 2845 207 2912 lionem,
236 2849 321 2905 elade
352 2849 387 2905 L.
419 2845 543 2920 Apronii
573 2852 717 2918 coeptam,
748 2845 872 2916 inlenen,
907 2852 958 2906 aut
1070 2825 1071 2846 ³

85 2943 164 3002 male
184 2945 251 3011 lida,
283 2944 359 3000 datie
388 2944 535 3002 obaitlibua
555 2943 689 3002 coneedit
716 2945 792 3018 apud
823 2961 958 3018 agroe,a
1070 2987 1071 3002 ι

88 3042 255 3100 Corbulone
274 3042 443 3116 descriptoa.
485 3043 568 3100 ltlem
589 3043 739 3112 Senatum,
759 3044 957 3116 magistratue,

86 3140 167 3209 leges
193 3138 329 3209 inporuit.
357 3155 403 3205 ee,
431 3157 470 3196 ue
490 3139 570 3196 iuben
593 3148 746 3205 exuerent,
760 3185 765 3194 .
778 3141 957 3214 praesidium

84 3233 259 3299 inmunivit;
279 3232 383 3296 mirsia,
397 3235 446 3305 qui
467 3235 590 3294 maiores
616 3237 752 3295 Obnueoa
770 3239 809 3295 ad
830 3240 957 3298 deditio-

83 3343 151 3385 nem
171 3329 352 3402 pellicerent,
365 3327 451 3386 simul
464 3329 658 3390 Ganneaoum
670 3335 740 3392 dolo
761 3336 955 3411 adgredereu·
