<?xml version="1.0" encoding="UTF-8"?>
<!DOCTYPE html PUBLIC "-//W3C//DTD XHTML 1.0 Transitional//EN"
    "http://www.w3.org/TR/xhtml1/DTD/xhtml1-transitional.dtd">
<html xmlns="http://www.w3.org/1999/xhtml" xml:lang="en" lang="en">
 <head>
  <title>
</title>
<meta http-equiv="Content-Type" content="text/html;charset=utf-8" />
  <meta name='ocr-system' content='tesseract 3.04.00' />
  <meta name='ocr-capabilities' content='ocr_page ocr_carea ocr_par ocr_line ocrx_word'/>
</head>
<body>
  <div class='ocr_page' id='page_1' title='image "./operaexrecensio01tacigoog_0246.png"; bbox 0 0 2164 3846; ppageno 0'>
   <div class='ocr_carea' id='block_1_1' title="bbox 115 225 989 304">
    <p class='ocr_par' dir='ltr' id='par_1_1' title="bbox 115 225 989 304">
     <span class='ocr_line' id='line_1_1' title="bbox 115 225 989 304; baseline -0.005 0"><span class='ocrx_word' id='word_1_1' title='bbox 115 255 144 304; x_wconf 78' lang='lat' dir='ltr'>a.</span> <span class='ocrx_word' id='word_1_2' title='bbox 159 251 186 300; x_wconf 89' lang='lat' dir='ltr'>c.</span> <span class='ocrx_word' id='word_1_3' title='bbox 202 249 239 302; x_wconf 79' lang='lat' dir='ltr'>ss.</span> <span class='ocrx_word' id='word_1_4' title='bbox 393 249 462 298; x_wconf 83' lang='lat' dir='ltr'>urs.</span> <span class='ocrx_word' id='word_1_5' title='bbox 489 249 535 298; x_wconf 78' lang='grc' dir='ltr'>ιν.</span> <span class='ocrx_word' id='word_1_6' title='bbox 587 249 664 298; x_wconf 82' lang='lat' dir='ltr'>oar.</span> <span class='ocrx_word' id='word_1_7' title='bbox 691 233 751 300; x_wconf 87' lang='grc'>40.</span> <span class='ocrx_word' id='word_1_8' title='bbox 915 225 989 302; x_wconf 82' lang='grc'>205</span> 
     </span>
    </p>
   </div>
   <div class='ocr_carea' id='block_1_2' title="bbox 39 402 1050 3365">
    <p class='ocr_par' dir='ltr' id='par_1_2' title="bbox 39 402 1050 3365">
     <span class='ocr_line' id='line_1_2' title="bbox 113 402 989 484; baseline -0.003 -16"><span class='ocrx_word' id='word_1_9' title='bbox 113 403 256 484; x_wconf 72' lang='lat' dir='ltr'>‘seriptar</span> <span class='ocrx_word' id='word_1_10' title='bbox 285 421 372 480; x_wconf 90' lang='lat' dir='ltr'>posse</span> <span class='ocrx_word' id='word_1_11' title='bbox 397 403 490 479; x_wconf 88' lang='lat' dir='ltr'>ipsam</span> <span class='ocrx_word' id='word_1_12' title='bbox 517 402 636 464; x_wconf 70' lang='lat' dir='ltr'>tisiam</span> <span class='ocrx_word' id='word_1_13' title='bbox 663 409 800 476; x_wconf 75' lang='lat' dir='ltr'><strong>statuere,</strong></span> <span class='ocrx_word' id='word_1_14' title='bbox 822 406 989 466; x_wconf 87' lang='lat' dir='ltr'>nubendum</span> 
     </span>
     <span class='ocr_line' id='line_1_3' title="bbox 112 503 990 584; baseline 0.001 -19"><span class='ocrx_word' id='word_1_15' title='bbox 112 514 198 584; x_wconf 78' lang='lat' dir='ltr'>‘post</span> <span class='ocrx_word' id='word_1_16' title='bbox 221 508 362 571; x_wconf 79' lang='lat' dir='ltr'>Drusum,</span> <span class='ocrx_word' id='word_1_17' title='bbox 384 521 423 562; x_wconf 87' lang='lat' dir='ltr'>an</span> <span class='ocrx_word' id='word_1_18' title='bbox 445 503 477 562; x_wconf 89' lang='lat' dir='ltr'>in</span> <span class='ocrx_word' id='word_1_19' title='bbox 502 504 661 564; x_wconf 88' lang='lat' dir='ltr'>Penatibus</span> <span class='ocrx_word' id='word_1_20' title='bbox 683 503 787 564; x_wconf 88' lang='lat' dir='ltr'>iisdem</span> <span class='ocrx_word' id='word_1_21' title='bbox 808 507 990 566; x_wconf 87' lang='lat' dir='ltr'>tolerandum</span> 
     </span>
     <span class='ocr_line' id='line_1_4' title="bbox 113 603 990 680; baseline -0.002 -14"><span class='ocrx_word' id='word_1_22' title='bbox 113 609 271 666; x_wconf 61' lang='lat' dir='ltr'>‘haberem</span> <span class='ocrx_word' id='word_1_23' title='bbox 299 623 366 662; x_wconf 87' lang='lat' dir='ltr'>esse</span> <span class='ocrx_word' id='word_1_24' title='bbox 384 603 430 661; x_wconf 93' lang='lat' dir='ltr'>illi</span> <span class='ocrx_word' id='word_1_25' title='bbox 454 608 576 662; x_wconf 89' lang='lat' dir='ltr'>matrem</span> <span class='ocrx_word' id='word_1_26' title='bbox 595 610 625 662; x_wconf 91' lang='lat' dir='ltr'>et</span> <span class='ocrx_word' id='word_1_27' title='bbox 646 603 755 672; x_wconf 90' lang='lat' dir='ltr'>aviam,</span> <span class='ocrx_word' id='word_1_28' title='bbox 776 604 909 680; x_wconf 84' lang='lat' dir='ltr'>propiora</span> <span class='ocrx_word' id='word_1_29' title='bbox 921 622 990 664; x_wconf 89' lang='lat' dir='ltr'>cou-</span> 
     </span>
     <span class='ocr_line' id='line_1_5' title="bbox 113 701 1050 778; baseline 0 -14"><span class='ocrx_word' id='word_1_30' title='bbox 113 707 210 764; x_wconf 81' lang='lat' dir='ltr'>⁴silia.</span> <span class='ocrx_word' id='word_1_31' title='bbox 240 703 402 778; x_wconf 75' lang='lat' dir='ltr'>simplicius</span> <span class='ocrx_word' id='word_1_32' title='bbox 435 707 577 761; x_wconf 87' lang='lat' dir='ltr'>acturum.</span> <span class='ocrx_word' id='word_1_33' title='bbox 610 705 648 761; x_wconf 87' lang='lat' dir='ltr'>da</span> <span class='ocrx_word' id='word_1_34' title='bbox 678 701 841 762; x_wconf 90' lang='lat' dir='ltr'>inimicitiis</span> <span class='ocrx_word' id='word_1_35' title='bbox 866 703 990 777; x_wconf 85' lang='lat' dir='ltr'>primunr</span> <span class='ocrx_word' id='word_1_36' title='bbox 1045 721 1050 732; x_wconf 71' lang='lat'><strong><em>¹</em></strong></span> 
     </span>
     <span class='ocr_line' id='line_1_6' title="bbox 113 802 989 880; baseline 0 -17"><span class='ocrx_word' id='word_1_37' title='bbox 113 805 333 879; x_wconf 58' lang='lat' dir='ltr'>‘Agrippinam</span> <span class='ocrx_word' id='word_1_38' title='bbox 354 821 424 880; x_wconf 89' lang='lat' dir='ltr'>quas</span> <span class='ocrx_word' id='word_1_39' title='bbox 446 806 531 878; x_wconf 89' lang='lat' dir='ltr'>longe</span> <span class='ocrx_word' id='word_1_40' title='bbox 545 803 640 860; x_wconf 86' lang='lat' dir='ltr'>acrius</span> <span class='ocrx_word' id='word_1_41' title='bbox 664 820 786 871; x_wconf 89' lang='lat' dir='ltr'>arsuras,</span> <span class='ocrx_word' id='word_1_42' title='bbox 806 802 832 860; x_wconf 87' lang='lat' dir='ltr'>si</span> <span class='ocrx_word' id='word_1_43' title='bbox 846 803 989 863; x_wconf 89' lang='lat' dir='ltr'>matrimo-</span> 
     </span>
     <span class='ocr_line' id='line_1_7' title="bbox 113 903 989 977; baseline -0.001 -14"><span class='ocrx_word' id='word_1_44' title='bbox 113 905 214 963; x_wconf 86' lang='lat' dir='ltr'>‘niam</span> <span class='ocrx_word' id='word_1_45' title='bbox 236 904 344 963; x_wconf 85' lang='lat' dir='ltr'>Liviae</span> <span class='ocrx_word' id='word_1_46' title='bbox 360 905 441 960; x_wconf 89' lang='lat' dir='ltr'>vetut</span> <span class='ocrx_word' id='word_1_47' title='bbox 460 903 492 960; x_wconf 88' lang='lat' dir='ltr'>in</span> <span class='ocrx_word' id='word_1_48' title='bbox 513 909 610 977; x_wconf 87' lang='lat' dir='ltr'>partes</span> <span class='ocrx_word' id='word_1_49' title='bbox 629 904 746 962; x_wconf 89' lang='lat' dir='ltr'>domum</span> <span class='ocrx_word' id='word_1_50' title='bbox 761 903 918 962; x_wconf 74' lang='lat' dir='ltr'>Caesarum</span> <span class='ocrx_word' id='word_1_51' title='bbox 933 905 989 964; x_wconf 86' lang='lat' dir='ltr'>dis·</span> 
     </span>
     <span class='ocr_line' id='line_1_8' title="bbox 113 1001 989 1078; baseline 0 -16"><span class='ocrx_word' id='word_1_52' title='bbox 113 1005 282 1062; x_wconf 71' lang='lat' dir='ltr'>‘traxisset</span> <span class='ocrx_word' id='word_1_53' title='bbox 301 1001 344 1060; x_wconf 90' lang='lat' dir='ltr'>sic</span> <span class='ocrx_word' id='word_1_54' title='bbox 364 1021 478 1078; x_wconf 91' lang='lat' dir='ltr'>quoque</span> <span class='ocrx_word' id='word_1_55' title='bbox 497 1019 649 1076; x_wconf 82' lang='lat' dir='ltr'>erumpere</span> <span class='ocrx_word' id='word_1_56' title='bbox 668 1003 894 1060; x_wconf 70' lang='lat' dir='ltr'>aemulationem</span> <span class='ocrx_word' id='word_1_57' title='bbox 908 1003 989 1063; x_wconf 87' lang='lat' dir='ltr'>lemi·</span> 
     </span>
     <span class='ocr_line' id='line_1_9' title="bbox 39 1101 988 1178; baseline -0.003 -15"><span class='ocrx_word' id='word_1_58' title='bbox 39 1150 43 1163; x_wconf 88' lang='grc'>,</span> <span class='ocrx_word' id='word_1_59' title='bbox 113 1110 121 1138; x_wconf 84' lang='lat'>⁸</span> <span class='ocrx_word' id='word_1_60' title='bbox 133 1119 246 1169; x_wconf 88' lang='lat' dir='ltr'>nuru,</span> <span class='ocrx_word' id='word_1_61' title='bbox 260 1119 353 1177; x_wconf 87' lang='lat' dir='ltr'>eaque</span> <span class='ocrx_word' id='word_1_62' title='bbox 367 1102 514 1160; x_wconf 79' lang='lat' dir='ltr'>discordia</span> <span class='ocrx_word' id='word_1_63' title='bbox 529 1107 650 1175; x_wconf 75' lang='lat' dir='ltr'>nepotes</span> <span class='ocrx_word' id='word_1_64' title='bbox 662 1119 729 1159; x_wconf 80' lang='lat' dir='ltr'>auos</span> <span class='ocrx_word' id='word_1_65' title='bbox 742 1101 891 1159; x_wconf 89' lang='lat' dir='ltr'>convelli:</span> <span class='ocrx_word' id='word_1_66' title='bbox 910 1102 988 1178; x_wconf 87' lang='lat' dir='ltr'>quid,</span> 
     </span>
     <span class='ocr_line' id='line_1_10' title="bbox 114 1197 988 1275; baseline -0.001 -14"><span class='ocrx_word' id='word_1_67' title='bbox 114 1203 157 1260; x_wconf 88' lang='lat' dir='ltr'>‘si</span> <span class='ocrx_word' id='word_1_68' title='bbox 170 1201 342 1261; x_wconf 88' lang='lat' dir='ltr'>intendatur</span> <span class='ocrx_word' id='word_1_69' title='bbox 351 1208 500 1258; x_wconf 89' lang='lat' dir='ltr'>certamen</span> <span class='ocrx_word' id='word_1_70' title='bbox 516 1201 568 1258; x_wconf 90' lang='lat' dir='ltr'>tali</span> <span class='ocrx_word' id='word_1_71' title='bbox 579 1197 741 1275; x_wconf 80' lang='lat' dir='ltr'>coniugio?</span> <span class='ocrx_word' id='word_1_72' title='bbox 763 1201 887 1258; x_wconf 78' lang='lat' dir='ltr'>Falleris</span> <span class='ocrx_word' id='word_1_73' title='bbox 899 1202 988 1271; x_wconf 91' lang='lat' dir='ltr'>euim,</span> 
     </span>
     <span class='ocr_line' id='line_1_11' title="bbox 114 1299 988 1374; baseline 0.001 -15"><span class='ocrx_word' id='word_1_74' title='bbox 114 1301 254 1369; x_wconf 58' lang='lat' dir='ltr'>‘Seiana</span> <span class='ocrx_word' id='word_1_75' title='bbox 270 1301 298 1358; x_wconf 90' lang='lat' dir='ltr'>si</span> <span class='ocrx_word' id='word_1_76' title='bbox 320 1307 350 1358; x_wconf 91' lang='lat' dir='ltr'>te</span> <span class='ocrx_word' id='word_1_77' title='bbox 370 1317 534 1358; x_wconf 89' lang='lat' dir='ltr'>mansurum</span> <span class='ocrx_word' id='word_1_78' title='bbox 556 1299 588 1356; x_wconf 93' lang='lat' dir='ltr'>in</span> <span class='ocrx_word' id='word_1_79' title='bbox 610 1301 714 1358; x_wconf 87' lang='lat' dir='ltr'>eodem</span> <span class='ocrx_word' id='word_1_80' title='bbox 734 1300 837 1358; x_wconf 88' lang='lat' dir='ltr'>ordine</span> <span class='ocrx_word' id='word_1_81' title='bbox 852 1306 943 1374; x_wconf 85' lang='lat' dir='ltr'>putas,</span> <span class='ocrx_word' id='word_1_82' title='bbox 957 1305 988 1360; x_wconf 87' lang='lat' dir='ltr'>et</span> 
     </span>
     <span class='ocr_line' id='line_1_12' title="bbox 114 1399 986 1476; baseline 0 -17"><span class='ocrx_word' id='word_1_83' title='bbox 114 1399 262 1465; x_wconf 72' lang='lat' dir='ltr'>‘Liviam</span> <span class='ocrx_word' id='word_1_84' title='bbox 281 1417 355 1476; x_wconf 86' lang='lat' dir='ltr'>quae</span> <span class='ocrx_word' id='word_1_85' title='bbox 369 1399 405 1458; x_wconf 79' lang='lat' dir='ltr'>O.</span> <span class='ocrx_word' id='word_1_86' title='bbox 421 1400 551 1466; x_wconf 80' lang='lat' dir='ltr'>Caesari,</span> <span class='ocrx_word' id='word_1_87' title='bbox 572 1417 641 1457; x_wconf 82' lang='lat' dir='ltr'>mos</span> <span class='ocrx_word' id='word_1_88' title='bbox 661 1400 768 1468; x_wconf 90' lang='lat' dir='ltr'>Druso,</span> <span class='ocrx_word' id='word_1_89' title='bbox 788 1405 878 1474; x_wconf 89' lang='lat' dir='ltr'>nupts</span> <span class='ocrx_word' id='word_1_90' title='bbox 891 1400 986 1471; x_wconf 86' lang='lat' dir='ltr'>tuerit,</span> 
     </span>
     <span class='ocr_line' id='line_1_13' title="bbox 115 1500 984 1574; baseline 0.003 -17"><span class='ocrx_word' id='word_1_91' title='bbox 115 1503 170 1557; x_wconf 84' lang='lat' dir='ltr'>‘ea</span> <span class='ocrx_word' id='word_1_92' title='bbox 184 1505 285 1558; x_wconf 89' lang='lat' dir='ltr'>mente</span> <span class='ocrx_word' id='word_1_93' title='bbox 299 1505 437 1566; x_wconf 89' lang='lat' dir='ltr'>acturam,</span> <span class='ocrx_word' id='word_1_94' title='bbox 451 1505 483 1556; x_wconf 90' lang='lat' dir='ltr'>ut</span> <span class='ocrx_word' id='word_1_95' title='bbox 494 1517 560 1556; x_wconf 88' lang='lat' dir='ltr'>cum</span> <span class='ocrx_word' id='word_1_96' title='bbox 575 1500 680 1574; x_wconf 79' lang='lat' dir='ltr'>Equite</span> <span class='ocrx_word' id='word_1_97' title='bbox 692 1501 826 1560; x_wconf 83' lang='lat' dir='ltr'>Romano</span> <span class='ocrx_word' id='word_1_98' title='bbox 839 1508 984 1560; x_wconf 86' lang='lat' dir='ltr'>senescat.</span> 
     </span>
     <span class='ocr_line' id='line_1_14' title="bbox 114 1599 985 1676; baseline 0.005 -20"><span class='ocrx_word' id='word_1_99' title='bbox 114 1599 199 1674; x_wconf 73' lang='lat' dir='ltr'>‘Ego</span> <span class='ocrx_word' id='word_1_100' title='bbox 212 1604 245 1658; x_wconf 92' lang='lat' dir='ltr'>ut</span> <span class='ocrx_word' id='word_1_101' title='bbox 265 1599 368 1666; x_wconf 86' lang='lat' dir='ltr'>sinam,</span> <span class='ocrx_word' id='word_1_102' title='bbox 388 1599 523 1670; x_wconf 75' lang='lat' dir='ltr'>credisne</span> <span class='ocrx_word' id='word_1_103' title='bbox 547 1615 687 1673; x_wconf 84' lang='lat' dir='ltr'>passuros,</span> <span class='ocrx_word' id='word_1_104' title='bbox 706 1600 755 1676; x_wconf 86' lang='lat' dir='ltr'>qui</span> <span class='ocrx_word' id='word_1_105' title='bbox 775 1601 892 1659; x_wconf 82' lang='lat' dir='ltr'>tratrem</span> <span class='ocrx_word' id='word_1_106' title='bbox 911 1602 985 1670; x_wconf 89' lang='lat' dir='ltr'>eius,</span> 
     </span>
     <span class='ocr_line' id='line_1_15' title="bbox 111 1698 984 1774; baseline 0.002 -18"><span class='ocrx_word' id='word_1_107' title='bbox 111 1699 176 1774; x_wconf 90' lang='lat' dir='ltr'>‘qni</span> <span class='ocrx_word' id='word_1_108' title='bbox 190 1705 314 1773; x_wconf 86' lang='lat' dir='ltr'>patrem,</span> <span class='ocrx_word' id='word_1_109' title='bbox 336 1699 514 1774; x_wconf 86' lang='lat' dir='ltr'>maioresque</span> <span class='ocrx_word' id='word_1_110' title='bbox 535 1702 658 1766; x_wconf 90' lang='lat' dir='ltr'>nostros,</span> <span class='ocrx_word' id='word_1_111' title='bbox 677 1698 708 1756; x_wconf 93' lang='lat' dir='ltr'>in</span> <span class='ocrx_word' id='word_1_112' title='bbox 722 1699 841 1760; x_wconf 88' lang='lat' dir='ltr'>summis</span> <span class='ocrx_word' id='word_1_113' title='bbox 854 1699 984 1774; x_wconf 90' lang='lat' dir='ltr'>imperiis</span> 
     </span>
     <span class='ocr_line' id='line_1_16' title="bbox 114 1779 983 1873; baseline 0.001 -18"><span class='ocrx_word' id='word_1_114' title='bbox 114 1797 255 1857; x_wconf 73' lang='lat' dir='ltr'>‘videret</span> <span class='ocrx_word' id='word_1_115' title='bbox 284 1799 339 1855; x_wconf 88' lang='lat' dir='ltr'>Vis</span> <span class='ocrx_word' id='word_1_116' title='bbox 360 1805 389 1857; x_wconf 92' lang='lat' dir='ltr'>tu</span> <span class='ocrx_word' id='word_1_117' title='bbox 410 1797 527 1873; x_wconf 87' lang='lat' dir='ltr'>quidem</span> <span class='ocrx_word' id='word_1_118' title='bbox 549 1779 636 1855; x_wconf 83' lang='lat' dir='ltr'>istum</span> <span class='ocrx_word' id='word_1_119' title='bbox 656 1797 733 1856; x_wconf 90' lang='lat' dir='ltr'>intra</span> <span class='ocrx_word' id='word_1_120' title='bbox 753 1801 848 1857; x_wconf 90' lang='lat' dir='ltr'>locum</span> <span class='ocrx_word' id='word_1_121' title='bbox 862 1799 983 1858; x_wconf 85' lang='lat' dir='ltr'>sistere:</span> 
     </span>
     <span class='ocr_line' id='line_1_17' title="bbox 114 1895 983 1972; baseline 0 -16"><span class='ocrx_word' id='word_1_122' title='bbox 114 1899 181 1956; x_wconf 87' lang='lat' dir='ltr'>‘sed</span> <span class='ocrx_word' id='word_1_123' title='bbox 195 1897 242 1956; x_wconf 89' lang='lat' dir='ltr'>illi</span> <span class='ocrx_word' id='word_1_124' title='bbox 262 1897 445 1972; x_wconf 77' lang='lat' dir='ltr'>magistratus</span> <span class='ocrx_word' id='word_1_125' title='bbox 461 1903 492 1954; x_wconf 87' lang='lat' dir='ltr'>et</span> <span class='ocrx_word' id='word_1_126' title='bbox 512 1895 659 1970; x_wconf 89' lang='lat' dir='ltr'>primores,</span> <span class='ocrx_word' id='word_1_127' title='bbox 680 1897 738 1972; x_wconf 88' lang='lat' dir='ltr'>qui,</span> <span class='ocrx_word' id='word_1_128' title='bbox 758 1901 787 1956; x_wconf 92' lang='lat' dir='ltr'>te</span> <span class='ocrx_word' id='word_1_129' title='bbox 801 1898 907 1966; x_wconf 88' lang='lat' dir='ltr'>invito,</span> <span class='ocrx_word' id='word_1_130' title='bbox 921 1915 983 1972; x_wconf 91' lang='lat' dir='ltr'>per·</span> 
     </span>
     <span class='ocr_line' id='line_1_18' title="bbox 112 1997 982 2072; baseline 0.001 -18"><span class='ocrx_word' id='word_1_131' title='bbox 112 2002 275 2070; x_wconf 66' lang='lat' dir='ltr'>‘rumpunt</span> <span class='ocrx_word' id='word_1_132' title='bbox 289 1997 478 2072; x_wconf 85' lang='lat' dir='ltr'>omnibusque</span> <span class='ocrx_word' id='word_1_133' title='bbox 492 1997 529 2054; x_wconf 91' lang='lat' dir='ltr'>de</span> <span class='ocrx_word' id='word_1_134' title='bbox 544 1999 628 2054; x_wconf 87' lang='lat' dir='ltr'>rebus</span> <span class='ocrx_word' id='word_1_135' title='bbox 643 1999 808 2065; x_wconf 85' lang='lat' dir='ltr'>consulunt,</span> <span class='ocrx_word' id='word_1_136' title='bbox 819 1998 982 2056; x_wconf 83' lang='lat' dir='ltr'>excessisse</span> 
     </span>
     <span class='ocr_line' id='line_1_19' title="bbox 112 2096 982 2172; baseline 0 -18"><span class='ocrx_word' id='word_1_137' title='bbox 112 2097 191 2154; x_wconf 80' lang='lat' dir='ltr'>‘ianr</span> <span class='ocrx_word' id='word_1_138' title='bbox 215 2097 329 2170; x_wconf 82' lang='lat' dir='ltr'>pridem</span> <span class='ocrx_word' id='word_1_139' title='bbox 353 2097 493 2172; x_wconf 79' lang='lat' dir='ltr'>Equestre</span> <span class='ocrx_word' id='word_1_140' title='bbox 521 2096 677 2170; x_wconf 78' lang='lat' dir='ltr'>fastigium,</span> <span class='ocrx_word' id='word_1_141' title='bbox 706 2098 849 2170; x_wconf 85' lang='lat' dir='ltr'>longeque</span> <span class='ocrx_word' id='word_1_142' title='bbox 872 2097 982 2154; x_wconf 86' lang='lat' dir='ltr'>antisse</span> 
     </span>
     <span class='ocr_line' id='line_1_20' title="bbox 113 2193 982 2271; baseline 0 -19"><span class='ocrx_word' id='word_1_143' title='bbox 113 2198 226 2271; x_wconf 85' lang='lat' dir='ltr'>‘patris</span> <span class='ocrx_word' id='word_1_144' title='bbox 254 2195 312 2253; x_wconf 92' lang='lat' dir='ltr'>mei</span> <span class='ocrx_word' id='word_1_145' title='bbox 338 2195 493 2262; x_wconf 81' lang='lat' dir='ltr'>amicitias,</span> <span class='ocrx_word' id='word_1_146' title='bbox 520 2213 579 2253; x_wconf 90' lang='lat' dir='ltr'>non</span> <span class='ocrx_word' id='word_1_147' title='bbox 607 2193 718 2256; x_wconf 89' lang='lat' dir='ltr'>occulti</span> <span class='ocrx_word' id='word_1_148' title='bbox 742 2195 848 2263; x_wconf 82' lang='lat' dir='ltr'>terunt,</span> <span class='ocrx_word' id='word_1_149' title='bbox 873 2210 982 2268; x_wconf 90' lang='lat' dir='ltr'>perque</span> 
     </span>
     <span class='ocr_line' id='line_1_21' title="bbox 113 2291 983 2371; baseline -0.002 -19"><span class='ocrx_word' id='word_1_150' title='bbox 113 2293 278 2354; x_wconf 80' lang='lat' dir='ltr'>‘iuvidiam</span> <span class='ocrx_word' id='word_1_151' title='bbox 299 2295 350 2361; x_wconf 89' lang='lat' dir='ltr'>tui,</span> <span class='ocrx_word' id='word_1_152' title='bbox 372 2311 419 2352; x_wconf 90' lang='lat' dir='ltr'>me</span> <span class='ocrx_word' id='word_1_153' title='bbox 439 2313 551 2371; x_wconf 89' lang='lat' dir='ltr'>quoque</span> <span class='ocrx_word' id='word_1_154' title='bbox 570 2295 717 2352; x_wconf 86' lang='lat' dir='ltr'>incusant.</span> <span class='ocrx_word' id='word_1_155' title='bbox 759 2293 802 2350; x_wconf 83' lang='lat' dir='ltr'>Ar</span> <span class='ocrx_word' id='word_1_156' title='bbox 820 2291 901 2349; x_wconf 88' lang='lat' dir='ltr'>enim</span> <span class='ocrx_word' id='word_1_157' title='bbox 923 2293 983 2350; x_wconf 83' lang='lat' dir='ltr'>Au·</span> 
     </span>
     <span class='ocr_line' id='line_1_22' title="bbox 112 2389 984 2470; baseline -0.005 -17"><span class='ocrx_word' id='word_1_158' title='bbox 112 2399 232 2469; x_wconf 85' lang='lat' dir='ltr'>‘gustus</span> <span class='ocrx_word' id='word_1_159' title='bbox 245 2395 334 2452; x_wconf 85' lang='lat' dir='ltr'>filiam</span> <span class='ocrx_word' id='word_1_160' title='bbox 355 2413 435 2453; x_wconf 88' lang='lat' dir='ltr'>suam</span> <span class='ocrx_word' id='word_1_161' title='bbox 456 2395 557 2470; x_wconf 84' lang='lat' dir='ltr'>Equiti</span> <span class='ocrx_word' id='word_1_162' title='bbox 578 2393 712 2451; x_wconf 86' lang='lat' dir='ltr'>Romano</span> <span class='ocrx_word' id='word_1_163' title='bbox 730 2393 843 2450; x_wconf 88' lang='lat' dir='ltr'>tradere</span> <span class='ocrx_word' id='word_1_164' title='bbox 864 2389 984 2450; x_wconf 81' lang='lat' dir='ltr'>medita·</span> 
     </span>
     <span class='ocr_line' id='line_1_23' title="bbox 114 2492 984 2562; baseline -0.001 -11"><span class='ocrx_word' id='word_1_165' title='bbox 114 2497 180 2551; x_wconf 88' lang='lat' dir='ltr'>‘tus</span> <span class='ocrx_word' id='word_1_166' title='bbox 200 2499 255 2551; x_wconf 90' lang='lat' dir='ltr'>est.</span> <span class='ocrx_word' id='word_1_167' title='bbox 298 2493 405 2552; x_wconf 85' lang='lat' dir='ltr'>Mirum</span> <span class='ocrx_word' id='word_1_168' title='bbox 433 2496 561 2562; x_wconf 81' lang='lat' dir='ltr'>hercule,</span> <span class='ocrx_word' id='word_1_169' title='bbox 588 2495 623 2562; x_wconf 93' lang='lat' dir='ltr'>si,</span> <span class='ocrx_word' id='word_1_170' title='bbox 643 2511 710 2551; x_wconf 74' lang='lat' dir='ltr'>cun</span> <span class='ocrx_word' id='word_1_171' title='bbox 732 2492 763 2550; x_wconf 91' lang='lat' dir='ltr'>in</span> <span class='ocrx_word' id='word_1_172' title='bbox 784 2493 879 2550; x_wconf 89' lang='lat' dir='ltr'>omnis</span> <span class='ocrx_word' id='word_1_173' title='bbox 899 2508 984 2550; x_wconf 89' lang='lat' dir='ltr'>curas</span> 
     </span>
     <span class='ocr_line' id='line_1_24' title="bbox 112 2591 984 2669; baseline 0.001 -18"><span class='ocrx_word' id='word_1_174' title='bbox 112 2593 348 2662; x_wconf 87' lang='lat' dir='ltr'>‘distraheretur,</span> <span class='ocrx_word' id='word_1_175' title='bbox 362 2594 582 2669; x_wconf 87' lang='lat' dir='ltr'>inmensumque</span> <span class='ocrx_word' id='word_1_176' title='bbox 597 2593 691 2652; x_wconf 91' lang='lat' dir='ltr'>attolli</span> <span class='ocrx_word' id='word_1_177' title='bbox 710 2591 885 2667; x_wconf 85' lang='lat' dir='ltr'>provideret,</span> <span class='ocrx_word' id='word_1_178' title='bbox 897 2609 984 2668; x_wconf 89' lang='lat' dir='ltr'>quem</span> 
     </span>
     <span class='ocr_line' id='line_1_25' title="bbox 114 2691 1008 2772; baseline 0.001 -22"><span class='ocrx_word' id='word_1_179' title='bbox 114 2693 340 2751; x_wconf 86' lang='lat' dir='ltr'>‘coniunctione</span> <span class='ocrx_word' id='word_1_180' title='bbox 362 2693 415 2750; x_wconf 91' lang='lat' dir='ltr'>tali</span> <span class='ocrx_word' id='word_1_181' title='bbox 434 2711 520 2766; x_wconf 86' lang='lat' dir='ltr'>super</span> <span class='ocrx_word' id='word_1_182' title='bbox 543 2695 616 2750; x_wconf 86' lang='lat' dir='ltr'>allos</span> <span class='ocrx_word' id='word_1_183' title='bbox 636 2693 800 2772; x_wconf 79' lang='lat' dir='ltr'>extulisset,</span> <span class='ocrx_word' id='word_1_184' title='bbox 820 2693 856 2752; x_wconf 86' lang='lat' dir='ltr'>C.</span> <span class='ocrx_word' id='word_1_185' title='bbox 878 2691 984 2754; x_wconf 87' lang='lat' dir='ltr'>Procu·</span> <span class='ocrx_word' id='word_1_186' title='bbox 1006 2707 1008 2712; x_wconf 83' lang='lat'>&#39;</span> 
     </span>
     <span class='ocr_line' id='line_1_26' title="bbox 78 2777 984 2869; baseline 0.001 -20"><span class='ocrx_word' id='word_1_187' title='bbox 78 2777 80 2782; x_wconf 37' lang='lat'>⁵</span> <span class='ocrx_word' id='word_1_188' title='bbox 113 2793 231 2860; x_wconf 88' lang='lat' dir='ltr'>‘leium,</span> <span class='ocrx_word' id='word_1_189' title='bbox 258 2798 288 2848; x_wconf 93' lang='lat' dir='ltr'>et</span> <span class='ocrx_word' id='word_1_190' title='bbox 309 2793 448 2865; x_wconf 86' lang='lat' dir='ltr'>quosdam</span> <span class='ocrx_word' id='word_1_191' title='bbox 474 2791 507 2849; x_wconf 91' lang='lat' dir='ltr'>in</span> <span class='ocrx_word' id='word_1_192' title='bbox 534 2793 714 2850; x_wconf 85' lang='lat' dir='ltr'>sermonibus</span> <span class='ocrx_word' id='word_1_193' title='bbox 742 2793 852 2852; x_wconf 79' lang='lat' dir='ltr'>babuit.</span> <span class='ocrx_word' id='word_1_194' title='bbox 873 2792 984 2869; x_wconf 81' lang='lat' dir='ltr'>insigni</span> 
     </span>
     <span class='ocr_line' id='line_1_27' title="bbox 113 2886 983 2968; baseline 0.003 -20"><span class='ocrx_word' id='word_1_195' title='bbox 113 2886 342 2966; x_wconf 73' lang='lat' dir='ltr'>‘tranquillitate</span> <span class='ocrx_word' id='word_1_196' title='bbox 370 2891 460 2958; x_wconf 82' lang='lat' dir='ltr'>vitae,</span> <span class='ocrx_word' id='word_1_197' title='bbox 488 2891 577 2948; x_wconf 85' lang='lat' dir='ltr'>sullis</span> <span class='ocrx_word' id='word_1_198' title='bbox 604 2891 740 2967; x_wconf 86' lang='lat' dir='ltr'>Reipubl.</span> <span class='ocrx_word' id='word_1_199' title='bbox 767 2893 894 2968; x_wconf 89' lang='lat' dir='ltr'>negotiis</span> <span class='ocrx_word' id='word_1_200' title='bbox 921 2911 983 2968; x_wconf 86' lang='lat' dir='ltr'>per·</span> 
     </span>
     <span class='ocr_line' id='line_1_28' title="bbox 113 2989 983 3075; baseline 0.002 -27"><span class='ocrx_word' id='word_1_201' title='bbox 113 2991 250 3060; x_wconf 74' lang='lat' dir='ltr'>‘mistos</span> <span class='ocrx_word' id='word_1_202' title='bbox 294 2991 364 3057; x_wconf 86' lang='lat' dir='ltr'>Sed,</span> <span class='ocrx_word' id='word_1_203' title='bbox 396 2991 422 3046; x_wconf 84' lang='lat' dir='ltr'>si</span> <span class='ocrx_word' id='word_1_204' title='bbox 449 2989 631 3048; x_wconf 86' lang='lat' dir='ltr'>dubitatione</span> <span class='ocrx_word' id='word_1_205' title='bbox 662 2991 788 3066; x_wconf 81' lang='lat' dir='ltr'>Augusti</span> <span class='ocrx_word' id='word_1_206' title='bbox 815 3010 983 3075; x_wconf 82' lang='lat' dir='ltr'>movemur,</span> 
     </span>
     <span class='ocr_line' id='line_1_29' title="bbox 112 3089 984 3165; baseline 0.002 -19"><span class='ocrx_word' id='word_1_207' title='bbox 112 3093 239 3164; x_wconf 89' lang='lat' dir='ltr'>‘quanto</span> <span class='ocrx_word' id='word_1_208' title='bbox 260 3089 387 3146; x_wconf 87' lang='lat' dir='ltr'>validius</span> <span class='ocrx_word' id='word_1_209' title='bbox 404 3095 462 3157; x_wconf 88' lang='lat' dir='ltr'>est,</span> <span class='ocrx_word' id='word_1_210' title='bbox 482 3091 561 3164; x_wconf 88' lang='lat' dir='ltr'>quud</span> <span class='ocrx_word' id='word_1_211' title='bbox 583 3089 625 3147; x_wconf 91' lang='lat' dir='ltr'>M.</span> <span class='ocrx_word' id='word_1_212' title='bbox 642 3091 800 3165; x_wconf 83' lang='lat' dir='ltr'>Agrippae,</span> <span class='ocrx_word' id='word_1_213' title='bbox 821 3109 890 3148; x_wconf 85' lang='lat' dir='ltr'>mox</span> <span class='ocrx_word' id='word_1_214' title='bbox 911 3091 984 3150; x_wconf 88' lang='lat' dir='ltr'>mibi</span> 
     </span>
     <span class='ocr_line' id='line_1_30' title="bbox 113 3186 983 3272; baseline 0.005 -28"><span class='ocrx_word' id='word_1_215' title='bbox 113 3186 335 3247; x_wconf 75' lang='lat' dir='ltr'>‘conlocaviti¹</span> <span class='ocrx_word' id='word_1_216' title='bbox 357 3191 454 3264; x_wconf 84' lang='lat' dir='ltr'>Atque</span> <span class='ocrx_word' id='word_1_217' title='bbox 482 3205 539 3264; x_wconf 90' lang='lat' dir='ltr'>ego</span> <span class='ocrx_word' id='word_1_218' title='bbox 564 3190 648 3272; x_wconf 78' lang='lat' dir='ltr'>baec,</span> <span class='ocrx_word' id='word_1_219' title='bbox 677 3207 729 3263; x_wconf 89' lang='lat' dir='ltr'>pro</span> <span class='ocrx_word' id='word_1_220' title='bbox 756 3189 897 3258; x_wconf 87' lang='lat' dir='ltr'>amicitia,</span> <span class='ocrx_word' id='word_1_221' title='bbox 923 3206 983 3248; x_wconf 92' lang='lat' dir='ltr'>non</span> 
     </span>
     <span class='ocr_line' id='line_1_31' title="bbox 112 3267 983 3365; baseline 0.002 -21"><span class='ocrx_word' id='word_1_222' title='bbox 112 3287 300 3346; x_wconf 74' lang='lat' dir='ltr'>‘occultaris</span> <span class='ocrx_word' id='word_1_223' title='bbox 324 3293 454 3346; x_wconf 88' lang='lat' dir='ltr'>ceterum</span> <span class='ocrx_word' id='word_1_224' title='bbox 475 3307 568 3365; x_wconf 86' lang='lat' dir='ltr'>neque</span> <span class='ocrx_word' id='word_1_225' title='bbox 592 3289 660 3356; x_wconf 89' lang='lat' dir='ltr'>tuis,</span> <span class='ocrx_word' id='word_1_226' title='bbox 680 3307 774 3364; x_wconf 89' lang='lat' dir='ltr'>neque</span> <span class='ocrx_word' id='word_1_227' title='bbox 794 3289 901 3346; x_wconf 86' lang='lat' dir='ltr'>Liviae</span> <span class='ocrx_word' id='word_1_228' title='bbox 919 3267 983 3346; x_wconf 80' lang='lat' dir='ltr'>des·</span> 
     </span>
    </p>
   </div>
   <div class='ocr_carea' id='block_1_3' title="bbox 13 3385 981 3470">
    <p class='ocr_par' dir='ltr' id='par_1_3' title="bbox 13 3385 981 3470">
     <span class='ocr_line' id='line_1_32' title="bbox 13 3385 981 3470; baseline -0.006 -24"><span class='ocrx_word' id='word_1_229' title='bbox 13 3435 16 3446; x_wconf 87' lang='lat'>.</span> <span class='ocrx_word' id='word_1_230' title='bbox 112 3385 233 3444; x_wconf 83' lang='lat' dir='ltr'>‘tinctis</span> <span class='ocrx_word' id='word_1_231' title='bbox 254 3388 438 3446; x_wconf 85' lang='lat' dir='ltr'>adversabor.</span> <span class='ocrx_word' id='word_1_232' title='bbox 482 3389 548 3463; x_wconf 90' lang='lat' dir='ltr'>lpse</span> <span class='ocrx_word' id='word_1_233' title='bbox 568 3387 637 3463; x_wconf 89' lang='lat' dir='ltr'>quid</span> <span class='ocrx_word' id='word_1_234' title='bbox 663 3390 737 3445; x_wconf 89' lang='lat' dir='ltr'>intra</span> <span class='ocrx_word' id='word_1_235' title='bbox 758 3385 886 3440; x_wconf 89' lang='lat' dir='ltr'>animum</span> <span class='ocrx_word' id='word_1_236' title='bbox 901 3387 981 3470; x_wconf 90' lang='lat' dir='ltr'>volu·</span> 
     </span>
    </p>
   </div>
   <div class='ocr_carea' id='block_1_4' title="bbox 111 3479 1068 3644">
    <p class='ocr_par' dir='ltr' id='par_1_4' title="bbox 111 3479 1068 3644">
     <span class='ocr_line' id='line_1_33' title="bbox 111 3479 1068 3563; baseline -0.004 -22"><span class='ocrx_word' id='word_1_237' title='bbox 111 3487 266 3555; x_wconf 67' lang='lat' dir='ltr'>‘laverim</span> <span class='ocrx_word' id='word_1_238' title='bbox 289 3487 392 3563; x_wconf 87' lang='lat' dir='ltr'>quibus</span> <span class='ocrx_word' id='word_1_239' title='bbox 412 3488 507 3548; x_wconf 86' lang='lat' dir='ltr'>adhuc</span> <span class='ocrx_word' id='word_1_240' title='bbox 532 3483 796 3544; x_wconf 81' lang='lat' dir='ltr'>necessitudinibus</span> <span class='ocrx_word' id='word_1_241' title='bbox 816 3479 980 3538; x_wconf 81' lang='lat' dir='ltr'>immiscere</span> <span class='ocrx_word' id='word_1_242' title='bbox 1067 3525 1068 3530; x_wconf 31' lang='lat'>1</span> 
     </span>
     <span class='ocr_line' id='line_1_34' title="bbox 149 3585 585 3644; baseline -0.011 -2"><span class='ocrx_word' id='word_1_243' title='bbox 149 3601 223 3644; x_wconf 81' lang='lat' dir='ltr'>von.</span> <span class='ocrx_word' id='word_1_244' title='bbox 246 3602 267 3642; x_wconf 90' lang='lat' dir='ltr'>r.</span> <span class='ocrx_word' id='word_1_245' title='bbox 549 3585 585 3638; x_wconf 84' lang='lat' dir='ltr'>ls</span> 
     </span>
    </p>
   </div>
   <div class='ocr_carea' id='block_1_5' title="bbox 0 0 1087 3846">
    <p class='ocr_par' dir='ltr' id='par_1_5' title="bbox 0 0 1087 3846">
     <span class='ocr_line' id='line_1_35' title="bbox 0 0 1087 3846; baseline 0 0"><span class='ocrx_word' id='word_1_246' title='bbox 0 0 1087 3846; x_wconf 95' lang='lat' dir='ltr'> </span> 
     </span>
    </p>
   </div>
  </div>
 </body>
</html>
