2134 3826
74 274 122 342 42
401 295 587 344 susurru
804 299 834 345 n
851 297 882 344 v.
898 301 949 346 rer.

74 449 106 505 in
119 463 221 506 essum
232 449 313 508 risre.
352 445 450 508 Mults
472 451 622 526 qnippeet
638 449 762 509 diverse
783 453 950 527 ungebant·
1056 527 1057 542 χ

76 548 219 606 ‘solidior
241 567 295 623 per
320 548 510 608 Germaniam
536 551 704 608 exereitus.
733 552 852 626 propior
871 555 951 627 spud
1056 545 1057 618 Τ

76 645 295 706 ‘Pannonismz
326 648 378 706 iiie
405 649 569 708 (initiarum
592 649 696 724 opibus
718 651 871 721 subnixus,
900 651 949 710 irie
1056 641 1057 646 ¹

75 746 202 804 ‘liniise
222 747 397 806 imminens:
425 767 497 824 qnos
523 749 612 825 igitur
635 748 819 810 anteferret?
838 769 886 819 so,
910 761 949 810 ne

76 847 245 920 ‘postpositi
257 848 435 906 contumelia
454 849 689 908 incenderentur.
732 852 774 910 At
796 869 848 925 per
869 851 948 910 iiiios

75 945 201 1019 ‘puriter
213 946 296 1015 odiri,
310 948 462 1007 msieststs
475 951 575 1018 ssim
588 949 638 1006 oui
652 949 774 1008 msiore
789 952 950 1028 longinquo

74 1045 268 1102 ‘reverentis
293 1047 379 1104 simut
403 1047 638 1106 adolescentibus
658 1055 841 1117 excusatum,
862 1069 950 1126 quse·
1056 1089 1057 1096 κ

75 1145 158 1202 ‘dnm
172 1145 210 1203 nri
230 1149 342 1218 putrem
366 1145 506 1205 reiicerez
526 1147 745 1223 resistentisque
766 1150 951 1208 Germanico

74 1249 144 1301 ‘snt
158 1245 255 1303 Druso
278 1263 362 1320 posse
385 1263 404 1303 n
427 1264 460 1303 se
485 1246 620 1322 mitigeri,
643 1249 693 1305 sei
713 1247 850 1323 infringi:
871 1251 951 1325 quod

76 1344 173 1402 ‘nlind
187 1345 355 1414 subsidium,
378 1347 404 1404 si
417 1348 627 1421 Imperatorem
639 1349 819 1422 sprevissent
830 1345 851 1407 t’
892 1351 950 1409 Ce-

75 1455 179 1519 terum,
192 1454 224 1504 nt
238 1449 298 1506 ism
311 1442 430 1523 ismque'
446 1448 546 1516 iturus,
570 1448 642 1523 tegit
655 1448 787 1516 comites,
801 1449 949 1525 conquisi-

75 1549 120 1606 vit
147 1548 366 1623 impediments,
389 1547 544 1605 ndornnvit
571 1563 682 1606 nuvess
712 1565 780 1606 mox
808 1549 947 1620 hiemem,

75 1655 127 1706 sut
141 1649 259 1725 negotis
279 1648 360 1706 varie
384 1653 543 1714 onussstus,
568 1647 665 1721 primo
689 1649 855 1722 prudentes,
875 1649 948 1708 dein
1056 1689 1057 1732 3

23 1745 63 1802 48
77 1752 206 1824 vuigum‚
219 1748 384 1806 diutissime
404 1745 572 1821 provincius
584 1745 695 1804 ieieiiit.
737 1748 780 1806 Ar
795 1747 951 1807 Germani·
1056 1755 1057 1770 ¹

15 1859 22 1873 '
75 1868 136 1918 cus,
155 1829 337 1925 quomqunm'
350 1852 503 1905 oontrseto
524 1846 666 1912 exereitu,
686 1851 717 1904 et
739 1852 838 1920 persta
851 1848 882 1906 in
897 1851 949 1906 de·

74 1951 198 2010 sectores
218 1947 338 2015 uitione,
351 1947 479 2002 dandum
498 1946 594 2002 adhue
617 1945 742 2019 spatium
763 1953 850 2014 retus,
864 1947 890 2004 si
904 1966 948 2005 re·
1056 1937 1057 1948 ¹

74 2050 156 2108 oenti
169 2049 306 2120 exemplo
319 2045 375 2102 sibi
398 2045 455 2118 ipsi
474 2047 669 2112 consulerent,
690 2046 850 2118 praemittit
870 2048 949 2104 litte-

75 2151 168 2208 rasari
183 2149 353 2214 Caecinam,
368 2146 489 2203 ‘venire
507 2163 540 2202 se
555 2145 652 2202 velitis
667 2163 764 2213 manu,
776 2163 823 2213 no,
836 2146 868 2204 ni
881 2165 948 2222 sup·

76 2260 83 2286 ‘
96 2251 215 2326 ptioium
243 2249 275 2306 iu
302 2248 394 2304 mulos
421 2249 615 2319 praesument,
639 2261 755 2302 usurum
783 2247 949 2318 promissus

76 2454 151 2526 quod
177 2450 304 2508 maxims
318 2453 476 2506 nestrorum
490 2444 634 2503 sincerum
649 2451 720 2510 erat,
744 2449 860 2503 occuito
875 2446 949 2504 reoi-

76 2555 128 2618 tat,
139 2555 243 2624 ‘utque
256 2551 378 2605 nunotos
389 2545 535 2613 inismiue,
550 2563 582 2602 se
597 2543 674 2618 ipsos
696 2545 782 2602 morti
795 2547 952 2614 eximent?

76 2651 212 2706 hortetur.
227 2653 311 2704 ‘nrm
325 2645 356 2702 in
371 2661 444 2719 pace
454 2661 571 2702 caussas
581 2649 610 2702 et
624 2646 727 2703 merite
740 2647 881 2718 spectari:
896 2649 949 2706 nbi

76 2751 201 2806 ‘beilum
217 2747 339 2820 ingruet,
363 2743 535 2801 innoeentes
549 2761 585 2802 so
604 2743 709 2802 noxios
722 2744 806 2802 iuxta
820 2746 948 2805 eadere!

50 2867 54 2880 ·
76 2849 135 2916 Illi,
150 2845 277 2912 tentatis,
291 2861 362 2920 qnos
375 2843 495 2902 idoneos
515 2845 659 2910 rebantur,
680 2849 833 2919 postquam
855 2847 946 2906 meio·
1056 2889 1057 2898 ,

77 2966 136 3006 rem
161 2946 308 3022 legionum
322 2951 432 3018 purtem
455 2943 486 3000 in
510 2943 607 3001 officio
621 2943 732 3011 vident,
746 2945 783 3002 de
797 2947 947 3004 sententis

76 3047 175 3124 iegati,
201 3049 331 3104 statuunt
355 3051 478 3116 tempus,
500 3059 557 3117 quo
579 3041 775 3102 foedissimum
803 3061 946 3120 quemque

74 3141 105 3203 'et
126 3144 262 3203 seditioni
277 3150 437 3216 promptum
451 3143 525 3199 terro
546 3141 698 3199 invadunt.
740 3143 840 3210 Tune,
861 3145 947 3219 signo

76 3250 151 3305 inter
179 3265 211 3303 se
231 3247 309 3312 dato,
330 3245 497 3316 inrumpunt
521 3243 721 3311 contubernia,
744 3246 890 3304 trucidant
904 3247 945 3324 ig·
983 3279 992 3288 ·

13 3323 21 3344 ⁸
76 3365 179 3405 ueros:
199 3348 288 3412 nulio,
302 3343 358 3402 nisi
372 3343 507 3411 consciis,
521 3349 670 3410 noscente,
692 3345 768 3417 quod
791 3346 892 3404 caedis
903 3347 946 3405 in·

19 3455 65 3512 119
76 3443 169 3512 ilium,
190 3444 253 3519 quis
275 3443 349 3500 finis.
405 3441 531 3498 Diversa
554 3440 692 3506 omnium,
717 3459 791 3515 quae
817 3461 946 3519 unquam

76 3543 221 3615 assidere,
240 3541 373 3600 civilium
394 3555 536 3601 simorum
556 3538 655 3596 tseier.
676 3555 736 3598 non
750 3543 871 3616 proelio,
885 3553 947 3603 nort
