2186 3850
124 187 201 236 nc.
221 191 264 236 m.
363 187 433 234 cra.
451 187 512 234 x11.
563 187 641 235 cnr.
659 167 828 236 aa-m,
932 169 1000 238 321

124 346 355 416 ‘componeret
365 341 493 400 subsidio
502 342 598 412 victis,
613 349 642 402 et
652 321 788 404 terrorem
797 345 935 402 adversus
946 343 1006 402 vic·

118 447 132 475 ·‘
144 447 240 507 tores,
257 461 302 510 ne,
319 442 432 500 torinna
446 442 527 510 elati,
551 449 678 502 nostram
698 461 810 519 quoque
832 458 935 517 pacem
949 447 1005 500 tur·

124 547 132 574 ¹
145 543 259 598 barent
270 540 287 597 :'
307 559 375 600 nom
387 541 449 600 ‚uis
472 542 625 600 innumera
638 543 737 618 langii,
750 543 882 618 aliaeque
902 549 1005 616 gentes

123 641 345 704 adventabant,
359 641 436 698 lama
448 641 518 698 ditis
538 641 629 716 regni,
648 643 723 717 quod
745 642 881 700 Vannius
901 642 1005 700 XXX.

124 757 180 811 per
207 755 306 798 annos
330 740 565 814 praedationibus
591 745 625 818 ¹et
649 741 859 816 vectigalibus·
875 745 1004 798 auxerat.

123 838 193 911 ipsi
220 856 326 918 manus
350 839 463 912 propria
487 839 613 913 pedites,
627 857 746 916 squese
768 840 909 898 Sarmatis
924 840 1006 914 lacy·

124 937 217 1012 gibus
234 942 308 1004 erat,
318 937 402 1011 inpar
416 933 593 998 multitudini
606 939 730 996 bostium
745 959 751 995 :
774 955 866 1014 enque
877 940 1006 996 castellis

124 1055 194 1094 sese
229 1037 393 1104 defensare,
427 1038 592 1112 bellumque
623 1039 729 1096 ducere
755 1041 902 1096 statuerat.
946 1037 1004 1096 Sed
1017 1031 1059 1090 30

125 1136 271 1210 lazyges,
304 1136 466 1194 obsidionis
503 1136 690 1209 inpatientes,
719 1140 749 1194 et
782 1137 929 1210 proximos
955 1155 1007 1210 per

125 1249 255 1308 campus
271 1235 350 1308 vagi,
365 1235 612 1294 necessitudinem
635 1251 749 1309 pugnae
773 1236 911 1302 adtulere,
939 1235 1007 1310 quia

127 1333 249 1409 Lygius
265 1334 538 1409 Hermundurusque
552 1333 616 1392 illic
629 1333 807 1408 ingruerent.
849 1334 941 1410 Igitur
957 1336 1006 1392 de·

126 1449 249 1506 gressus
272 1433 402 1490 castellis
423 1433 571 1498 Vannius,
597 1433 726 1492 tunditur
744 1434 876 1507 proelio:
909 1453 1006 1510 quam·

129 1549 222 1606 quam
236 1533 321 1590 rebus
334 1532 476 1600 adversis,
490 1533 631 1600 laudatus,
656 1535 750 1609 ‘quod
764 1539 794 1592 et
809 1552 934 1610 pugnum
947 1553 1006 1594 ma·

128 1635 192 1688 ‘nu
216 1631 366 1704 capessiit,
389 1637 420 1688 et
442 1648 562 1704 corpore
586 1633 710 1690 adverso
725 1636 845 1692 vulnera
869 1632 1006 1707 excepit!

131 1729 276 1788 Ceterum
290 1731 326 1788 ad
340 1731 474 1796 classem,
488 1729 520 1788 in
546 1729 686 1788 Danubio
708 1731 920 1806 opperientem,
942 1752 1006 1808 per·

130 1826 219 1902 legit.
262 1828 364 1886 Secuti
386 1846 455 1886 mox
482 1828 616 1896 clientes,
640 1835 680 1896 et,
706 1829 836 1904 acceptis
860 1831 946 1906 agris,
973 1832 1007 1890 in

132 1924 290 1986 Pannonia
304 1927 394 1985 locati
407 1913 484 1986 suut.
525 1927 660 2002 Regnum
681 1928 802 2003 Vangio
825 1946 861 1986 ac
877 1928 949 1986 Sido
963 1929 1005 1988 in·

132 2029 179 2084 ter
203 2044 235 2084 se
258 2025 414 2099 partivere,
434 2027 551 2102 egregia
571 2029 711 2086 adversus
726 2045 779 2085 nos
797 2028 872 2084 lide:
894 2027 1005 2088 subiec-

131 2125 182 2193 tis,
206 2143 298 2184 suone
324 2142 362 2184 an
390 2125 503 2184 servitii
530 2125 662 2198 ingenio,
685 2127 755 2184 (ium¹
774 2125 1005 2198 adipiscerentur

133 2223 359 2294 dominationes,
385 2227 475 2282 multa
501 2225 632 2295 caritate,
656 2229 687 2282 et
710 2224 819 2282 maiore
837 2222 915 2292 odio,
929 2231 1004 2298 poet·

132 2341 222 2400 quom
235 2324 334 2396 adepti
353 2329 430 2382 suot.

177 2423 222 2480 Ar
247 2422 278 2480 in
300 2422 455 2482 Britannia
477 2423 510 2480 Ρ.
535 2423 691 2492 Ostorium,
705 2441 756 2498 pro
777 2425 924 2492 Praetore,
949 2417 1054 2482 tundi

93 2534 95 2538 ’
133 2520 222 2578 bidae
237 2538 282 2578 res
304 2537 460 2594 excepere,
473 2521 572 2580 effusis
587 2522 618 2580 in
632 2539 732 2598 agrurn
759 2524 902 2582 sociorum
916 2523 1004 2582 hosti·

132 2621 199 2686 bus,
226 2637 263 2676 eo
288 2619 456 2687 violentius,
482 2622 557 2695 qunrl
586 2639 695 2679 novum
717 2623 843 2687 Ducem,
872 2624 1005 2682 exercitu

132 2719 246 2794 ignota,
268 2723 297 2776 et
311 2725 416 2792 coepta
438 2719 545 2790 bieme,
567 2720 672 2778 iturum
686 2722 804 2780 obviam
824 2740 882 2782 non
904 2725 1005 2782 rebeu-

134 2825 190 2876 tur.
233 2818 289 2875 llle
313 2835 427 2890 gnarus,
452 2819 551 2891 primis
575 2820 730 2878 eventibus
751 2827 859 2880 metum
873 2829 922 2880 aut
937 2824 1005 2881 fidu·

133 2915 211 2972 eiam
226 2915 317 2990 gigni,
331 2915 405 2973 citas
429 2919 562 2978 cobortes
585 2919 678 2992 rapit:
699 2927 739 2984 et,
752 2922 847 2982 caesis
861 2923 910 2997 qui
925 2922 1005 2980 resti·

134 3019 241 3080 terunt,
254 3014 392 3070 disiectos
406 3021 604 3083 consectatus,
617 3011 656 3076 ne
681 3037 774 3078 rursus
798 3023 1005 3094 conglobaren-

134 3118 190 3180 tur,
214 3113 384 3188 infensaque
405 3119 435 3170 et
458 3114 546 3172 infida
567 3135 623 3190 pax
639 3136 698 3176 non
721 3119 808 3185 Duei,
830 3137 887 3175 non
909 3117 1007 3182 militi,

134 3211 264 3286 requiem
278 3213 465 3286 permitteret,
487 3215 639 3272 detrahere
659 3233 737 3274 arma
751 3215 904 3289 suspectis,
917 3232 1005 3273 cunc·

133 3314 237 3399 tosque
272 3311 375 3368 castris
401 3314 439 3370 ad
476 3316 633 3372 Auvonam
660 3321 689 3371 et
722 3315 874 3372 Sabrinam
900 3313 1007 3374 fluvios

171 3461 419 3526 Memnocones]
451 3465 742 3526 legitimnmtioessetiss.
756 3476 881 3526 mannos.
912 3464 974 3528 Lips.
