2186 3850
96 197 168 268 388
416 219 602 270 susurru
819 223 848 270 ι.
865 222 965 272 von.

94 373 226 450 ‘qnipro
239 372 377 432 Praetorc
390 377 439 432 ent
458 375 587 434 Consule
609 378 719 443 essent,
737 375 802 434 iura
830 351 966 434 adversus
1068 421 1069 472 1

94 473 284 546 ‘publicanos
297 477 381 532 extra
401 473 533 532 ordinem
560 474 735 532 redderent:
757 475 901 532 militibus
926 475 966 541 in,
1068 509 1069 526 ι

94 571 241 630 «munitas
253 576 427 635 servaretur,
447 572 504 630 nisi
527 572 625 639 iniis,
647 591 722 648 quaa
745 590 825 632 reno
850 591 969 634 enerue-

93 668 197 728 ‘rent’
237 671 364 745 Aliaque
376 671 532 728 admodum
544 688 645 746 sequa,
656 689 730 746 quae
738 673 828 732 brevi
841 677 968 740 servata,

92 767 160 826 dein
174 769 277 828 trustra
290 769 390 828 babila
402 775 478 828 suut.
519 769 624 828 Manet
638 777 736 828 tamen
759 770 885 828 abolitio
904 787 969 845 qua-
1068 783 1069 828 l

91 869 272 944 ᾱηςειίιιιιο
303 869 624 944 quinquagesimaeque,
658 875 689 926 et
708 887 782 944 quae
801 870 862 927 alia
882 886 968 926 exac-

93 967 220 1026 tionibus
234 967 357 1026 inlicitis
371 968 490 1026 nomina
503 968 653 1042 publicani
666 968 851 1026 invenerant.
879 968 970 1024 'Pem-
1068 963 1069 980 ¹

92 1072 192 1140 perata
204 1067 281 1140 apud
291 1067 495 1128 transmarinae
509 1067 679 1140 provincias
689 1067 828 1124 frumenti
842 1068 968 1124 subvec.
1068 1065 1069 1092 ¹

92 1169 143 1226 tin.
170 1175 211 1236 et,
232 1177 289 1226 ‘ne
300 1169 436 1228 censibus
458 1168 671 1242 negotiatorum
696 1183 789 1224 naves
821 1167 968 1224 adscribe·
1068 1209 1069 1216 ι

91 1273 218 1335 crentur,
238 1268 430 1342 tributumque
455 1283 507 1340 pro
537 1266 596 1324 illis
621 1264 802 1338 penderent,'
828 1265 968 1323 constitu·

39 1365 161 1426 aarum
203 1365 338 1426 Reosex
364 1366 517 1440 provincia
545 1365 656 1432 Africa,
680 1366 730 1440 qui
755 1367 967 1424 Proconsulare

90 1465 242 1538 imperio
255 1465 318 1524 illio
332 1465 501 1532 babuerunt,
529 1463 691 1537 Sulpicium
720 1463 908 1523 Camerinum
935 1469 965 1521 et

90 1562 282 1636 Pomponium
297 1563 453 1620 Siluanum
477 1563 604 1620 absolvit
628 1563 752 1620 Caesar:
775 1563 963 1621 Camerinum
1068 1535 1069 1568 ³

89 1663 226 1722 adversus
250 1661 380 1735 privatos
400 1666 431 1718 et
452 1667 568 1734 paucos,
588 1661 731 1718 saevitiae
751 1661 855 1736 magis,
880 1677 964 1736 qnam
1068 1649 1069 1676 ⁴

88 1765 235 1834 captarum
246 1759 435 1834 pecuniarum
444 1759 567 1819 crimina
581 1759 765 1820 obiicientem
807 1761 966 1819 Silvanum

89 1875 192 1934 magna
217 1858 264 1916 vis
287 1863 487 1928 accusatorum
504 1858 963 1936 circumsteterat-poscebatque

88 1967 193 2038 tenrpus
219 1955 417 2018 roocwdonun
438 1955 566 2017 mium.-
587 1943 651 2014 reus
678 1955 755 2015 illico
769 1955 879 2033 desmdr‘
903 1973 963 2030 pose

89 2061 209 2119 tutabat.
250 2058 410 2132 Valuilque
441 2057 598 2130 pecuniosa
624 2056 748 2114 orbitate
775 2061 806 2112 et
833 2060 962 2131 senecta,
1068 2097 1069 2110 ι

88 2175 173 2233 quam
193 2159 267 2216 ultra
291 2156 383 2214 vitam
409 2172 508 2214 comm
534 2155 680 2229 produxit,
712 2171 832 2229 quorum
852 2155 961 2212 ambitu
1068 2175 1069 2240 l

89 2261 232 2314 evaserat.
681 2301 684 2308 .

36 2373 78 2432 53
129 2355 254 2428 Quietae
275 2355 312 2412 ad
340 2354 370 2412 id
394 2359 506 2428 tempus
533 2369 578 2410 res
605 2351 636 2410 in
652 2350 811 2410 Germania
838 2351 961 2420 inerant,
1068 2347 1069 2414 ζ

87 2455 208 2528 ingenio
232 2455 358 2522 Ducum,
377 2452 436 2528 qui,
469 2450 646 2526 pervulgatis
674 2450 811 2523 triumphi
838 2450 960 2524 insigni.
1068 2463 1069 2518 l

88 2555 147 2622 bus,
168 2553 260 2612 maius
284 2571 323 2610 ex
349 2569 386 2608 eo
407 2553 496 2610 denus
509 2552 673 2623 sperabant,
696 2550 840 2622 sipucem
867 2548 959 2606 conli-
1068 2573 1069 2590 2

87 2653 265 2710 nuavissenl.
320 2650 469 2708 Paullinus
493 2648 648 2722 Pompeius
673 2653 704 2706 et
737 2650 773 2708 L.
802 2648 899 2706 Vetus
925 2663 960 2704 eo
1068 2631 1069 2650 ¹

87 2757 260 2823 tempestate
275 2749 419 2808 exercitui
445 2755 607 2822 praeerant.
649 2748 696 2804 Ne
717 2753 815 2806 tamen
840 2764 961 2820 segnem

85 2851 208 2908 militem
222 2849 397 2920 adtinerent,
416 2848 467 2904 ille
482 2848 651 2906 inchoatum
665 2852 734 2910 aute
756 2853 813 2904 tres
838 2854 869 2904 et
895 2865 958 2904 sex-

85 2951 184 3025 aginta
208 2965 301 3006 annos
327 2964 344 3004 a
373 2947 470 3006 Druso
492 2963 626 3021 aggerem
654 2947 819 3004 coercendo
844 2946 957 3012 Rheno,

84 3049 235 3106 absolvit:
257 3047 352 3104 Vetus
374 3045 530 3102 Mosellam
544 3050 629 3119 atque
645 3044 770 3110 Ararim,
785 3044 862 3102 lactu
883 3044 958 3102 iuter

83 3153 233 3218 utrumque
248 3145 344 3222 losse,
366 3148 544 3200 connectere
558 3145 687 3214 parabat,
712 3148 743 3202 ut
775 3143 879 3216 copiae
907 3160 961 3216 per,

83 3259 170 3307 mare,
184 3242 253 3298 dein
278 3242 421 3298 Rhodano
446 3244 476 3295 et
502 3242 595 3296 Arare
619 3241 789 3310 subvectae,
814 3258 866 3314 per
893 3258 957 3298 eam

78 3337 194 3400 lassam,
208 3355 276 3394 mox
291 3337 380 3394 fluvio
405 3337 530 3392 Mosella
543 3337 574 3394 in
591 3337 735 3405 Rhenum,
763 3339 835 3396 exin
866 3339 959 3401 Ocea·

77 3447 152 3486 num
161 3434 362 3522 decurrerent:
388 3433 564 3508 sublatisque
578 3433 717 3494 itinerum
731 3437 960 3519 difficultatibus,
1068 3493 1069 3510 ,
