2186 3850
107 204 182 276 390
431 225 619 275 emunivit
835 233 863 278 s.
877 227 909 276 v.
924 231 975 278 sm

107 381 210 442 ‘noris
235 381 344 449 datum,
375 397 449 457 qnae
482 381 589 456 uirtute
615 386 647 440 et
677 381 813 440 amicitia
847 383 977 440 Romana

107 487 116 516 ⁴
128 483 357 555 praecellerent:
378 481 473 538 nntius
486 481 651 540 mortalium
669 483 759 540 armis
772 488 823 538 aut
837 483 894 540 dde
907 487 972 540 ente

108 580 291 640 ‘Germanos
304 579 388 649 esso‚’
407 583 587 650 exclament,
599 581 866 657 degrediunturque
889 589 920 640 et
935 582 978 640 iu-

108 684 173 738 ⁸ter
192 681 295 738 Pntres
315 681 482 740 considunt.
512 681 589 755 quod
622 681 789 738 comitere
818 681 978 738 umentibus
1084 677 1085 720 ἲ

108 783 275 853 exceptum,
288 780 370 856 qussi
384 780 499 853 inpetus
513 779 629 854 antiqui
642 785 672 836 et
687 781 764 837 boue
773 781 980 837 aemulatione.

110 877 192 936 Nero
204 879 328 938 oivttste
347 880 480 938 Romana
503 879 604 937 umbos
617 879 763 936 donavit:
784 877 895 936 Frisios
908 877 980 936 decc·
1084 915 1085 952 3

108 974 171 1034 dere
189 977 274 1054 agris
292 977 384 1036 iussit
427 980 525 1053 Atque
556 977 617 1036 iitis
630 978 885 1052 adspernantibus,
911 995 980 1036 nux·

108 1075 199 1134 itioris
212 1093 301 1152 eques
325 1081 445 1152 repente
469 1077 616 1145 inmissus,
641 1077 848 1136 necessitatem
863 1077 976 1146 adtulit,

55 1177 96 1234 ⁵5
107 1177 202 1249 captis
215 1177 359 1244 caesisve,
372 1178 421 1253 qui
433 1176 618 1250 pervicacius
632 1177 809 1234 restiterant.
851 1177 977 1234 Eosdem

106 1289 191 1349 egros
207 1275 356 1334 Ausibsrii
368 1291 562 1349 occupavere,
576 1275 702 1332 validior
715 1293 801 1349 gens,
815 1291 875 1333 non
895 1275 979 1332 modo

106 1373 268 1446 auncupia,
291 1375 343 1432 ssd
356 1375 553 1432 ediscentium
580 1377 750 1447 poputorum
773 1374 978 1431 miseratione:

106 1471 178 1547 quie
188 1473 262 1544 puisi
275 1489 294 1528 s
307 1473 436 1531 Chaucis
449 1479 479 1531 et
501 1473 578 1530 sedis
603 1474 706 1546 inopes
722 1478 817 1530 tutum
840 1471 977 1530 exsitiunr
1084 1453 1085 1484 ¹

106 1572 237 1630 mouns.
279 1572 449 1646 Aderatque
470 1571 633 1640 tincturus
655 1587 707 1644 per
731 1571 798 1628 iiten
825 1577 929 1646 gentes
946 1575 978 1627 et

106 1668 190 1728 subtr
214 1683 326 1743 quoqne
347 1669 432 1737 tides,
446 1670 566 1730 nomine
581 1671 748 1736 Boiocalus,
776 1674 785 1704 ‘
798 1670 930 1727 vinctum
944 1683 977 1726 se

106 1774 115 1802 ‘
127 1766 288 1826 rebellione
303 1768 463 1836 Cherusca,
476 1769 555 1826 iussu
567 1767 715 1836 Arminii?
728 1769 866 1836 reterens,
881 1775 889 1801 ‘
901 1786 980 1836 mox,
1084 1791 1085 1796 ¹

107 1865 250 1926 ‘'l'iberio
262 1873 293 1924 et
306 1867 485 1926 Germanico
499 1869 642 1936 Ducibus,
666 1867 815 1941 stipendis
829 1867 979 1925 meruisse.
1084 1879 1085 1916 t

106 1965 350 2041 ‘Quinquaginta
375 1981 517 2026 ennomm
540 1967 681 2042 obsequio
693 1967 723 2024 id
737 1983 852 2042 quoque
878 1967 981 2024 adiuu-

108 2070 116 2095 ‘
130 2081 209 2138 gere,
221 2066 297 2139 quod
311 2071 428 2140 gentem
445 2081 528 2122 snum
546 2065 652 2123 ditioni
666 2073 782 2124 nostrae
809 2063 977 2122 subticeret-

107 2164 256 2236 ‘Quotam
278 2170 388 2238 purtem
410 2165 629 2237 coreptionem,
656 2165 688 2222 ia
715 2181 802 2238 quam
817 2181 925 2236 peoora
946 2169 979 2220 et

108 2268 261 2320 ‘armenta
288 2263 412 2321 militum
424 2263 581 2338 utiqusudo
601 2260 890 2320 transmitterentur?
910 2263 979 2320 See

107 2365 234 2418 ‘serent
269 2375 341 2419 saue
382 2367 515 2435 receptos
542 2362 686 2436 gregibus,
712 2363 790 2418 iutra
826 2361 979 2417 bominum
1084 2419 1085 2422 ,

108 2459 247 2530 ‘ismenus
269 2463 354 2518 modo
380 2479 418 2520 ue
454 2462 621 2518 vastitatem
642 2467 673 2518 et
703 2461 892 2518 sotitudinem
906 2461 977 2517 mel·

107 2560 199 2626 ‘teut,
218 2577 304 2634 quam
323 2562 435 2620 amicos
467 2563 599 2634 poputos.
642 2559 860 2618 Gbemavorum
886 2574 978 2633 quon·

109 2659 198 2716 ‘dem
225 2675 261 2716 ea
287 2673 369 2727 arva,
390 2677 459 2722 mos
494 2659 675 2726 Tubantum,
704 2664 735 2716 et
759 2665 825 2732 post
856 2658 976 2732 Vsipio·

108 2760 191 2813 ‘rum
210 2757 309 2816 fuisse.
351 2759 447 2817 Sicuti
466 2761 583 2818 coetum
611 2757 687 2824 Diis,
707 2757 750 2815 ita
770 2763 862 2815 terras
888 2775 976 2831 geue·

108 2855 156 2912 ‘ri
176 2856 340 2914 mortetium
367 2839 472 2916 datas:
492 2875 621 2934 qnneque
656 2872 775 2915 vacuus.
815 2873 868 2914 eas
883 2855 976 2930 pubii-

107 2959 181 3010 ‘cas
214 2953 298 3010 esse?
352 2955 454 3015 Solem
490 2957 598 3014 deinde
629 2955 801 3030 respiciens,
821 2959 852 3012 et
875 2961 977 3014 cetera
1084 2961 1085 2970 ’

106 3053 202 3110 sidere
234 3069 357 3122 vocans,
390 3055 472 3129 qussi
509 3073 607 3114 oorem
646 3055 853 3130 interrogabat,
893 3056 976 3112 ‘vei-
1084 3085 1085 3114 1

106 3153 225 3207 ‘tentus
251 3151 383 3208 contueri
404 3151 493 3210 inane
523 3149 641 3211 sotum?
660 3151 756 3226 potius
777 3170 856 3210 mere
878 3169 978 3226 super·

51 3239 275 3302 56‘tuuderent
296 3249 434 3304 adversus
457 3253 597 3308 terrarum
617 3249 784 3326 ereptores?
837 3251 977 3310 Etcum·

103 3346 197 3398 motus
231 3343 277 3398 bis
311 3333 430 3412 Av'itus,
462 3347 621 3418 ‘patiendo
655 3351 810 3409 meliorum
841 3349 977 3424 imperia.
1084 3399 1085 3450 q
