2186 3850
87 265 168 334 ³541
421 277 609 338 iussurum
814 289 841 337 s.
857 287 885 336 v.
906 287 957 336 aaa.

87 439 159 497 ‘vix
187 439 395 513 septemdecim
422 458 515 500 annos
545 459 686 518 egressus,
716 441 866 514 suscipere
891 457 955 498 eam

87 541 213 596 ‘molem
235 545 285 596 aut
307 542 471 611 propulsare
496 538 617 613 posset?
647 543 724 616 quod
746 541 907 598 subsidium
926 541 957 596 in

88 643 151 705 ιεο,
164 637 212 713 qui
227 656 244 693 a
259 638 366 694 lemine
381 637 548 711 regeretur?
576 657 645 696 num
666 641 776 712 proelia
791 657 918 714 quoque,
929 643 959 696 et

88 737 338 810 ‘oppugnationes
351 737 471 801 urbium,
486 743 516 795 et
535 745 635 795 oetera
650 738 720 795 belli
742 757 794 811 per
808 738 962 812 magistros

90 835 304 894 ‘ariministrari
336 833 471 906 possent?
504 837 705 910 acquirebant.
760 838 873 894 Contra
902 835 961 903 alii,

91 934 214 992 ‘melius
239 932 394 998 evenisse‚’
424 935 579 1000 disserunt,
620 941 729 1009 ‘quom
756 935 782 991 si
810 935 962 992 invalidus

92 1039 229 1091 ‘senecta
256 1037 286 1089 et
314 1031 433 1106 ignavia
461 1032 602 1090 claudius
630 1033 753 1090 militiae
780 1035 818 1090 ari
847 1036 963 1090 labores

92 1137 273 1197 ‘voearetuc
297 1131 452 1187 servilibus
479 1131 563 1187 iussis
590 1133 849 1204 obtemperaturus.
893 1133 962 1188 Bur-

92 1235 173 1288 ‘rum
187 1237 284 1287 tamen
296 1235 326 1286 et
341 1230 486 1286 Senecam
500 1232 654 1287 multarum
669 1249 761 1289 rerum
776 1231 961 1302 experientia

93 1330 263 1402 ‘cognitore
284 1335 312 1384 et
335 1327 505 1399 imperatori
518 1336 657 1402 quantum
678 1331 715 1386 ad
736 1331 822 1385 robur
834 1325 964 1387 deesset

59 1490 65 1502 „
94 1434 179 1486 'curn
192 1426 415 1486 octavodecimo
435 1426 539 1484 aetatis
560 1445 638 1484 anno
653 1427 709 1485 Gn.
725 1427 893 1499 Pompeius,
915 1445 962 1484 no-

95 1526 268 1584 ‘uodecirno
283 1527 392 1582 Caesar
407 1524 598 1592 Octavianus,
610 1525 714 1583 civilia
728 1527 806 1584 bolla
821 1527 962 1584 sustinue-

95 1624 179 1682 ‘rint
222 1623 363 1696 Pleraque
378 1623 409 1679 iu
431 1641 541 1680 summa
555 1624 678 1691 iorluna,
698 1625 840 1698 auspiciis
852 1633 883 1682 et
897 1642 965 1682 coo·

95 1722 195 1788 ‘siliis
208 1737 293 1795 quam
316 1721 383 1778 telis
402 1728 432 1778 et
455 1724 587 1780 manibus
605 1722 675 1796 geri.
708 1725 863 1798 “Daturum
878 1726 963 1796 plane

96 1823 329 1887 ‘documentum
349 1821 479 1878 honestis
500 1839 539 1880 an
558 1839 642 1878 secus
663 1822 766 1880 aminis
787 1829 924 1890 uteretur,
938 1822 964 1880 si

96 1923 242 1984 ‘Ducem
256 1925 353 1978 amota
373 1919 497 1986 invidia,
517 1921 675 1994 egregium,
689 1939 773 1996 quam
787 1921 813 1978 si
828 1921 965 1994 pecunio-

97 2027 233 2080 ‘sumet
256 2020 349 2094 gratia
374 2019 531 2076 subnixum
559 2037 610 2092 per
634 2020 778 2078 ambitum
801 2019 964 2094 deligeret’

68 2117 86 2179 7
100 2123 182 2180 Haec
195 2127 280 2194 atque
294 2117 364 2178 talia
385 2119 580 2191 vulgantibus,
601 2119 630 2176 N
633 2137 684 2176 ero
698 2123 727 2176 et
758 2126 765 2151 ⁶
779 2117 966 2177 iuventutern

98 2221 263 2296 ‘proximas
284 2235 334 2291 per
354 2217 521 2291 provincias
534 2217 695 2291 quaesitam
716 2216 886 2290 supplendis
902 2216 966 2274 Ori·

99 2322 193 2379 ‘entis
219 2319 380 2393 legionibus
403 2317 564 2383 admoveri,
589 2317 777 2390 legionesque
800 2316 883 2388 ipsas
903 2333 966 2389 pro-

100 2421 183 2494 ‘pius
200 2419 368 2476 Armeniam
386 2413 541 2474 conlocari’
562 2415 642 2472 iubet
653 2435 663 2470 :¹
681 2417 826 2489 ‘duosque
850 2422 967 2473 veteres

100 2520 225 2592 ‘Reges
252 2517 409 2590 Agrippam
436 2521 465 2571 et
491 2514 684 2579 Antiochum,¹
695 2513 833 2586 expedire
856 2514 968 2587 copias,

78 2619 182 2692 ·‘quis
195 2595 364 2676 Parthorum
385 2615 457 2674 fines
478 2615 553 2669 ultro
572 2613 735 2670 intrarent:
759 2611 843 2668 simul
862 2621 970 2685 pontes

102 2723 172 2789 ‘per
185 2731 300 2793 amnem
322 2714 499 2786 Euphratem
519 2711 609 2785 iungi.
652 2711 690 2766 Et
704 2709 847 2766 minorem
864 2712 972 2770 Arme-

102 2813 197 2872 ‘niam
215 2812 391 2876 Aristobulo,
408 2809 556 2881 regionem
577 2806 735 2879 Sophenen
756 2805 886 2863 Sobemo
899 2823 971 2866 cum

131 2965 242 3023 Pleraque
250 2963 277 3010 in
293 2977 378 3009 mnaso
387 2963 498 3023 fortuna]
528 2960 643 3018 Magnam,
662 2959 703 3013 ait,
718 2963 855 3018 partemres
874 2961 973 3008 etiams
1081 2953 1082 2958 ¹

102 3023 236 3096 Purineipeniu
247 3022 311 3068 hello
320 3023 430 3077 perennes
445 3021 493 3068 cios
509 3033 557 3066 ease
566 3019 655 3088 rnqolrs.
665 3023 698 3062 utr
707 3019 786 3063 melros
803 3033 842 3075 per
860 3019 974 3078 Legatos,

103 3081 667 3206 :tittlttttiftitttttsltilettttilt
680 3081 975 3206 iiffiliigilriiffiii!

102 3200 175 3246 tonius
183 3199 262 3242 (letor.
273 3200 309 3244 21.
340 3195 520 3250 Dommtautam
534 3199 618 3250 partem
627 3195 703 3248 ductu,
718 3197 976 3250 parnmauspenresnrs
1081 3227 1082 3232 ,

103 3255 256 3306 Gustatorium,
276 3253 430 3310 Aquitaniam,
449 3257 485 3296 ato
523 3252 638 3308 Auspiciis
653 3253 707 3305 auia,
725 3252 748 3296 iu
765 3261 808 3306 est,
819 3253 976 3314 perlactatos

102 3327 162 3366 suos,
172 3311 209 3358 ubi
219 3311 266 3370 ipse
275 3326 318 3357 nou
329 3310 457 3382 interqenit‚
467 3323 507 3354 neo
516 3323 621 3368 praesens
629 3310 677 3356 tuit.
709 3309 780 3356 ΟΜ

131 3388 263 3447 Agrippam]
296 3389 316 3434 ls
334 3391 368 3431 eat
378 3386 478 3445 Agrippa
490 3386 517 3430 ll.
531 3387 559 3430 de
569 3401 613 3454 quo
623 3388 707 3432 dietum
718 3401 784 3445 supra
794 3387 849 3434 Xll.
866 3391 904 3434 23.
916 3387 976 3434 otim

101 3441 215 3488 Clralcirlis
225 3459 269 3494 rex.
281 3451 333 3490 tunc
343 3441 447 3502 Phillippi
458 3449 480 3487 et
493 3443 606 3499 Lysaniae
624 3445 746 3493 lomellina
753 3445 892 3507 poliebaiur.
911 3447 978 3494 Vite

100 3495 194 3546 seam
201 3500 325 3552 Heredum
337 3515 360 3562 p·
376 3503 425 3550 317.
442 3499 520 3548 -Βπι
535 3529 539 3534 =
