2164 3846
69 181 143 286 246
396 203 581 254 aaaaarvas
796 203 946 254 uvare.

69 357 166 428 Vitia,
180 355 265 418 Fusii
278 355 400 418 Gemini
426 363 529 426 mater,
553 354 628 431 quud
651 353 705 414 llil
728 371 834 414 necem
848 355 949 416 flevis-

73 463 129 518 sel.
171 457 255 516 llaec
279 457 355 532 apud
381 457 541 518 Senatum:
563 471 619 514 nec
633 471 718 512 secus
732 447 950 530 apudl'rinci·

72 573 140 632 pern
153 555 344 614 Vescularius
360 554 477 614 Atticus
498 569 534 612 aa
556 552 647 612 lulius
670 552 804 611 Marinus
819 557 855 613 ad
869 571 948 612 mor·

73 661 133 716 tem
162 659 293 731 aguntm,
321 672 339 712 a
373 651 575 712 vetustissimis
603 651 788 710 familiarium
811 653 949 712 Rhodum

73 753 178 821 secuti,
192 759 223 812 al
236 753 313 828 apud
337 751 467 826 (inpreas
480 750 638 810 individui.
677 751 869 810 Vescularius
883 753 953 810 insi·

73 853 186 914 diarum
214 851 247 910 in
273 851 418 912 Libonem
454 850 672 910 internuntiust
706 849 825 910 Marino
861 851 949 926 parti·

73 951 152 1026 cipe,
187 951 313 1012 Seianus
341 949 475 1010 Curtium
510 948 644 1008 Atticum
671 955 863 1024 oppresserat.
891 969 950 1026 qun

73 1051 179 1112 laelius
209 1055 372 1126 acceptum,
401 1065 453 1108 sua
482 1051 621 1122 exempla
640 1047 673 1106 iu
692 1051 876 1108 consultores
905 1067 948 1108 re·

74 1150 193 1212 cidisse.

115 1251 174 1310 Per
186 1249 264 1310 idem
282 1254 394 1323 tempus
408 1248 443 1308 1..
459 1247 540 1316 Piso,
554 1247 704 1314 Pontifex,
716 1264 811 1306 rarum
825 1245 856 1305 in
882 1251 946 1306 tan·

76 1354 108 1408 la
132 1348 317 1416 claritudine,
330 1349 390 1406 lalo
413 1346 758 1418 alumnusalumnus
781 1347 948 1406 sententiae

76 1452 180 1522 sponte
193 1452 303 1513 auctor,
324 1451 364 1516 et,
378 1447 513 1522 quotiens
540 1446 703 1504 necessitas
725 1444 880 1520 ingrueret,
904 1461 948 1503 sa·

76 1545 190 1620 pienler
213 1546 376 1604 moderans.
418 1546 535 1604 Patrem
555 1545 584 1602 ei
599 1543 771 1603 Censorium
784 1543 875 1604 luisse
890 1562 949 1603 me·

76 1643 207 1704 moravi:
227 1648 309 1702 aetas
326 1647 364 1704 ad
377 1644 586 1720 octogesimum
599 1659 707 1702 annum
721 1645 880 1718 processit:
900 1646 949 1704 de·

76 1761 127 1802 eus
142 1741 315 1816 triumphale
339 1741 369 1800 in
393 1744 525 1802 'l'laracia
544 1749 694 1802 meruerat.
715 1744 766 1800 aed
790 1745 948 1818 praecipua

59 1835 115 1902 ‘es
129 1860 166 1901 eo
178 1841 281 1917 gloria,
294 1843 371 1917 quod
389 1841 556 1900 Praefectus
570 1841 647 1900 urbis
661 1856 763 1899 recens
777 1843 948 1902 continuam

77 1947 262 2018 potestatem,
292 1947 322 1999 el
346 1940 503 1998 insolentia
526 1941 646 2013 parendi
669 1941 843 2015 grauiorem,
875 1943 947 2000 mire

28 2041 63 2098 ll
79 2041 263 2117 temperarit.
304 2041 438 2116 Namque
462 2043 560 2106 antea,
586 2040 724 2112 proiectis
748 2041 836 2098 domu
860 2041 948 2116 Regi-

80 2144 142 2212 bus,
156 2159 191 2200 ac
216 2159 284 2200 mox
308 2137 530 2212 magistralibus,
543 2155 581 2194 ne
604 2140 669 2195 urbs
692 2138 757 2196 sine
771 2139 896 2214 imperio
910 2141 948 2198 lo·

78 2249 134 2312 rel,
147 2243 178 2300 ia
194 2247 306 2314 tempus
320 2239 509 2312 deligebatur,
523 2236 573 2311 qui
586 2236 630 2294 ius
655 2237 796 2303 redderet,
820 2255 857 2294 ac
872 2239 946 2296 subi·

81 2340 119 2398 tis
144 2341 317 2398 mederetur.
338 2338 487 2411 lemntque
511 2337 548 2392 ab
573 2335 698 2392 Romulo
721 2337 865 2394 Dentrem
892 2337 949 2394 Ra·

80 2439 210 2504 mulium,
225 2443 289 2511 post
302 2439 339 2494 ab
354 2436 445 2494 'Pullo
460 2434 588 2492 Hostilia
609 2433 737 2492 Numam
750 2432 905 2502 Marcium,
918 2439 949 2492 at

80 2539 118 2594 ab
132 2535 296 2610 Tarquinia
310 2534 441 2608 Superbo
456 2531 590 2604 Spurium
604 2529 772 2590 Lucretium
786 2530 948 2604 impositus.

80 2633 149 2692 dein
164 2634 307 2692 Consules
322 2633 514 2690 mandabant:
528 2631 666 2704 duratque
675 2631 869 2699 simulacrum,
884 2649 950 2706 qua

80 2732 157 2790 tiens
171 2733 209 2790 ob
222 2731 307 2790 leriae
321 2731 442 2789 Latinas
456 2727 627 2803 praeficitur,
641 2705 690 2802 qai
704 2728 866 2786 Consulare
888 2747 947 2788 mu·

80 2848 134 2892 nas
149 2834 274 2903 usurpet.
315 2829 453 2890 Ceterum
474 2829 622 2901 Augustus
635 2826 719 2884 bellis
734 2826 873 2884 civilibus
888 2828 947 2886 cil·

80 2931 161 2988 nium
184 2928 397 2992 Maecenatem,
421 2925 569 3000 Equestris
591 2925 709 2990 ordinis,
732 2924 848 2982 cunctis
870 2927 947 3000 apud
1068 2929 1069 2962 ³

81 3030 205 3090 Romam
218 3031 303 3100 alque
318 3023 434 3082 ltaliam
453 3024 627 3096 praeposuit.
670 3023 753 3090 Mox,
767 3041 861 3081 rerum
876 3025 949 3098 poti·

79 3133 134 3192 tus,
148 3127 186 3182 ab
200 3119 428 3196 magnitudinem
451 3123 558 3192 populi,
583 3139 618 3182 ac
643 3123 724 3180 larda
746 3124 843 3196 legum
867 3123 948 3188 auxi·

77 3224 128 3290 lia,
142 3219 262 3294 sumpsit
285 3235 302 3273 e
317 3216 532 3284 consularibus,
546 3219 595 3291 qui
609 3225 758 3277 coerceret
771 3220 903 3288 servitia,
917 3226 949 3279 et

78 3322 153 3392 qnod
168 3319 277 3377 civium
291 3311 412 3371 audacia
433 3314 588 3382 turbidum,
603 3315 659 3374 nisi
675 3317 735 3374 vim
750 3323 870 3376 metuat.
892 3320 949 3393 pri·

78 3431 197 3496 musque
207 3415 345 3476 Messalla
356 3408 500 3470 Corvinus
512 3427 576 3470 earn
590 3421 830 3494 postestatem,·et
839 3435 951 3497 paucus

8 3679 145 3758 A
