2172 3842
107 259 172 312 nir
432 251 655 308 PRAEFATlO.

107 413 171 476 tola
197 417 247 474 est
270 411 351 474 inter
371 409 527 474 Plinianas
555 409 629 472 Lib.
658 407 720 486 IX,
747 412 796 472 1⁰.
818 417 850 474 et
874 431 977 496 penes

109 537 267 602 quemque
282 524 331 580 est
351 515 520 600 J'udicium.

151 624 318 686 Hactenus
335 623 443 686 Taciti
459 621 563 686 studia
577 628 611 684 et
628 621 849 686 meditamenta
863 645 977 690 recen·

20 813 22 822 Ι
106 730 177 807 ιιιί;
200 738 346 816 superest
370 737 404 790 ut
426 727 632 812 quorumdam
656 727 809 792 adversus
825 750 899 792 erim
914 729 976 793 cri·

106 836 300 910 minationes,
317 856 377 898 non
394 833 523 896 editoris
542 833 683 910 adfectu,
704 834 761 896 sed
778 835 877 898 ductu
892 835 976 898 veri-

105 943 189 1018 tatis,
214 941 403 1026 expendam.
450 939 556 1004 Nemo
577 940 660 1004 enim
686 939 754 1004 sine
781 941 975 1005 adversariis

105 1069 249 1130 magnum
277 1069 387 1111 nomen
411 1047 567 1122 obtinuit3
594 1055 625 1110 et
647 1054 763 1130 quanto
787 1048 977 1112 celebratior

106 1153 214 1218 'l'aciti
230 1155 321 1228 santa,
338 1163 423 1215 tanto
438 1152 632 1234 gravioribus
649 1152 749 1237 patuit
765 1153 975 1216 accusationi·

106 1261 176 1324 bus.
224 1262 276 1323 Ac
300 1261 400 1344 primo
427 1260 554 1341 quidem
580 1260 784 1322 criminantur
807 1259 976 1342 malignum

105 1387 176 1430 eum
192 1366 329 1428 fuisseet
346 1379 526 1451 prosterno,
542 1365 596 1448 qui
608 1366 710 1428 omnia
721 1365 771 1427 vel
785 1365 975 1450 suspicioni-

105 1473 164 1536 bus
181 1473 381 1546 adultcraret,
401 1483 447 1532 vet
473 1477 501 1533 in
521 1471 709 1534 deteriorem
733 1479 852 1556 partem
870 1471 976 1534 trabe·

105 1591 164 1644 ret.
213 1579 304 1642 Haec
321 1585 408 1639 certe
431 1577 553 1670 maligni
573 1586 604 1638 et
632 1577 765 1664 improbi
788 1585 859 1640 sunt
876 1577 975 1640 bomi-
1034 1559 1039 1568 ⁴

105 1687 164 1760 nis,
177 1686 299 1768 qualem
318 1703 408 1746 nemo
424 1683 538 1744 dixerit
555 1682 716 1760 Tacitum,
729 1683 783 1766 qui
799 1684 975 1746 sceleratos

105 1793 222 1878 passim
238 1791 349 1871 arguit,
372 1789 519 1854 virtutem
542 1789 660 1851 meritis
680 1788 825 1851 laudibus
846 1809 976 1874 semper

106 1898 230 1972 extulit,
243 1896 360 1958 amicos
376 1917 437 1968 non
450 1895 557 1956 babuit
575 1895 633 1957 nisi
649 1894 799 1980 optimos,
812 1895 978 1979 ipsamque

106 2005 338 2086 malignitatem,
362 2002 439 2064 salsa
465 2002 617 2063 libertatis
645 2001 753 2086 specie
779 1999 975 2077 illudentem,

107 2131 203 2195 saepe
229 2107 395 2192 corripuit.
442 2107 487 2170 At
526 2108 735 2196 suspiciones,
773 2106 976 2190 conjecturas

107 2216 276 2282 interserit.
324 2213 631 2298 Fateor-equidem:
662 2213 788 2274 sedeas
810 2213 976 2294 legitimas,

107 2331 140 2386 et
156 2323 240 2408 quod
258 2323 286 2384 in
304 2329 445 2384 veterum
468 2320 628 2392 librorum,
645 2339 724 2400 quae
740 2327 881 2403 superat,
896 2339 971 2402 pau·

107 2429 203 2492 citate
235 2447 363 2512 prorsus
394 2426 503 2488 mirum
533 2431 593 2497 est,
623 2424 752 2486 aliorum
783 2424 974 2508 scriptorum

109 2535 296 2608 testimonio,
312 2541 364 2594 aut
381 2532 518 2616 ipsarum
542 2551 645 2592 rerum
667 2538 775 2594 natura
789 2530 975 2614 comproba·

108 2646 166 2702 tas.
214 2639 325 2701 Nullas
340 2638 370 2700 in
386 2637 515 2700 historia
531 2656 695 2721 usurpare,
711 2636 766 2698 vel.
777 2635 975 2720 ineptissimi,

108 2745 160 2809 vel
183 2742 381 2806 audacissimi
406 2742 578 2804 mortalium
603 2743 695 2804 loret.
743 2741 975 2804 criminationis

108 2872 221 2915 causas
233 2849 381 2936 aperiam·
423 2848 561 2920 Quidam
574 2857 776 2933 corruptores
788 2856 819 2908 et
833 2846 975 2930 corrupti

110 2957 261 3021 Tacitum
294 2955 439 3028 oderunt,
471 2954 557 3037 quod
590 2974 697 3016 eorum
736 2973 848 3016 arcana
878 2952 975 3014 nuda·

109 3065 201 3138 verit,
225 3083 332 3126 eorum
359 3059 435 3122 vitia
456 3069 630 3144 perpetuus
653 3080 767 3122 censor
787 3058 971 3142 exprobret.

108 3169 158 3233 Ut
182 3169 241 3230 sibi
256 3167 393 3256 ¹aliisque
414 3167 518 3228 lucum
540 3165 666 3240 saciant,
688 3167 870 3228 calumniam
892 3163 973 3226 banc

108 3275 263 3356 ingerunt.
311 3273 355 3336 At
372 3271 453 3355 quis,
469 3271 527 3332 nisi
549 3272 636 3354 prius
656 3270 686 3332 ei
708 3270 802 3332 luerit
818 3270 974 3332 malesana
1076 3329 1077 3336 ,

108 3385 269 3460 oculorum
291 3378 386 3451 acies,
411 3376 654 3460 splendidiorem
683 3376 903 3460 purioremque
924 3396 973 3438 so·

108 3487 169 3551 lem
182 3508 252 3548 esse
270 3504 412 3566 umquam
430 3493 560 3564 questus
576 3481 649 3543 est?
674 3481 767 3556 Quis,
785 3480 842 3542 nisi
860 3482 971 3564 turpis,

120 3593 243 3658 'leliori
260 3589 391 3678 speculo
413 3585 582 3651 irascitur?
614 3586 691 3664 Alii,
714 3607 869 3673 procaces
886 3587 969 3672 inge·
