2166 3834
88 227 159 298 182
386 237 596 302 ‘muncrum
811 250 966 304 nuria

85 402 231 477 adrumpti
244 405 427 475 tenebantur,
439 423 554 480 proram
576 404 641 464 aine
664 405 762 476 ruodo,
780 421 849 464 cum
870 407 960 481 pleri·

84 519 140 576 que
154 503 258 560 iisdem
283 504 407 578 negotiis
429 504 658 564 inneneacerent.
699 505 809 564 Plebee
823 505 885 574 acri
897 506 962 582 qui·

84 603 152 660 dem
167 619 283 660 aunone
307 604 519 678 fatigabantur:
539 605 592 661 red
616 605 697 662 nulle
710 605 741 662 iu
756 621 793 662 eo
807 607 893 678 culpa
914 623 958 664 ex

85 700 242 774 Principe:
270 701 340 776 quin
367 701 572 761 infecunditati
596 708 743 771 terrarum,
769 709 819 760 ent
847 703 960 776 asperia

85 800 173 856 marin
199 801 318 858 obviam
341 800 385 868 iit,
411 806 548 875 quantum
571 801 721 874 impendio
743 801 960 877 diligentiaque

84 903 208 972 poterut.
248 899 297 967 Et,
311 917 348 958 ne
362 899 533 972 provinciae
554 900 640 958 novio
654 899 789 958 oneribus
811 901 962 958 turbarem

86 1001 140 1065 tur,
165 1003 252 1072 utque
278 1004 388 1066 vetera,
409 997 474 1056 eine
488 997 613 1056 avaritie
638 1005 687 1056 cut
709 997 884 1056 crudelitate
898 1015 959 1057 mu·

85 1095 265 1172 gintratuum,
281 1099 444 1167 tolerarent,
460 1097 641 1170 providebat.
660 1091 812 1171 corporum
827 1083 962 1166 verbero,

56 1193 286 1270 indemptiouee
314 1199 453 1254 bonorum
484 1198 613 1254 aberant.
665 1196 735 1256 Rari
757 1201 809 1270 per
836 1197 960 1254 ltaliam

87 1295 225 1352 oneraria
244 1295 324 1368 agri:
345 1297 475 1354 modesta
496 1295 639 1352 servitia:
660 1295 735 1354 intra
750 1311 858 1369 pcucoa
873 1295 959 1352 liber·

86 1399 132 1450 tor
151 1395 271 1450 domae:
292 1411 338 1461 ac,
355 1394 381 1450 ei
402 1397 517 1469 quando
540 1411 608 1452 cum
631 1393 752 1468 privatin
769 1393 962 1468 disceptaret,

85 1491 177 1548 torum
201 1497 232 1548 et
254 1491 308 1548 iue.
351 1493 434 1564 Quae
457 1497 572 1564 cuncta,
594 1510 654 1552 non
667 1492 876 1576 quidemcomi
897 1491 975 1578 via„

72 1590 137 1656 *ned
164 1589 295 1646 horridae
330 1606 367 1647 ac
399 1593 566 1666 plerumque
601 1591 778 1659 formidatus,
811 1592 963 1648 retinebat

85 1693 194 1755 minen,
220 1689 316 1746 donec
338 1694 430 1746 morte
449 1691 538 1748 Drusi
563 1695 761 1748 verterentur:
792 1707 872 1758 nam,
891 1691 963 1748 dum
1080 1663 1081 1708 3

85 1786 234 1860 superfuit,
258 1805 406 1857 manaem
426 1789 494 1864 quia
518 1788 652 1856 Seianus,
674 1787 837 1862 incipiente
862 1789 959 1846 adhuc

84 1886 227 1960 potentia,
241 1887 327 1944 bonis
348 1888 479 1946 conciliis
501 1894 653 1946 notescere
678 1889 807 1955 volebat,
828 1891 860 1944 et
882 1889 958 1946 ultor

84 1987 275 2052 metuebatur,
308 2003 367 2044 nou
389 1991 522 2044 occultae
542 1987 613 2054 odii,
634 1991 664 2044 et
691 1988 795 2044 crebro
819 2001 955 2060 quereus,

86 2085 244 2142 ‘incolumi
266 2084 336 2153 tilio,
349 2085 509 2142 adiutorem
532 2083 647 2159 imperii
669 2083 759 2142 alium
782 2083 904 2142 vocari:
925 2086 958 2141 et

86 2187 244 2259 ‘quantum
262 2201 421 2258 superesse,
441 2191 471 2242 ut
490 2187 605 2259 collega
617 2180 753 2242 dicatur?
773 2182 887 2240 Primae
907 2183 958 2240 do·

86 2284 234 2342 ‘minandi
255 2301 321 2357 epea
344 2284 375 2341 in
399 2284 503 2342 arduo:
539 2283 589 2342 utri
610 2283 650 2340 eie
675 2281 831 2356 ingrasnus,
852 2282 958 2338 adem

85 2384 198 2442 ‘eludia
212 2388 241 2440 et
255 2383 411 2440 ministros.
431 2387 580 2442 excuncta
594 2382 663 2448 iam,
676 2386 781 2456 sponte
791 2379 959 2447 Praefecti,

87 2484 222 2538 ‘caetrnr
243 2483 326 2540 detor
352 2482 383 2540 iu
412 2497 528 2540 manum
557 2482 683 2540 militen:
716 2480 800 2539 cerni
825 2481 957 2566 effigiem
1080 2527 1081 2534 ,

86 2579 169 2636 ‘eine
192 2581 222 2636 in
244 2581 431 2640 monimentis
456 2581 510 2640 Gn.
534 2580 687 2654 Pompeii:
716 2597 886 2638 communes
910 2578 958 2638 illi

87 2682 172 2734 ‘cum
184 2677 297 2736 ‘laruitia
312 2680 470 2738 Drusorum
479 2681 540 2738 lore
552 2688 684 2753 nepotes.
698 2680 875 2760 precandam
891 2681 959 2750 poet

86 2777 180 2834 ‘haec
203 2777 383 2844 modestiam,
398 2786 429 2836 ut
450 2784 606 2837 contentus
626 2775 722 2836 esset?
764 2779 868 2852 Neque
881 2794 957 2845 raro,

85 2893 180 2949 neque
193 2876 270 2947 opud
290 2893 397 2948 peucca
412 2879 484 2936 talia
496 2877 639 2936 iaciebat:
661 2883 691 2935 et
715 2881 829 2935 secrete
842 2892 959 2950 quoque
1080 2889 1081 2924 ὲ

56 2972 148 3036 deine
170 2978 303 3045 corrupta
326 2991 416 3032 uxore
443 2977 645 3048 prodebantur.
687 2975 780 3049 igitur
804 2973 959 3044 ‘Seianum

85 3073 285 3129 maturandum
308 3079 393 3140 retur,
411 3073 516 3148 deligit
539 3092 694 3140 venenum,
723 3091 780 3148 quo
805 3073 960 3146 paullatim
1080 3089 1081 3092 ’

85 3169 248 3240 inrepente,
270 3171 401 3228 tortuitm
418 3151 534 3234 ,morbus
556 3173 782 3230 adsimularetur.
806 3171 835 3228 id
859 3171 959 3229 Druso

85 3267 184 3326 dotum
206 3285 256 3337 per
280 3269 414 3340 Lygdum
439 3270 604 3338 spadonem,
627 3275 658 3327 ul
682 3276 751 3326 octo
774 3276 838 3340 poet
862 3286 958 3334 anuoe

84 3365 305 3437 cognitumiest.
346 3365 485 3426 (letarum
505 3367 653 3437 Tiberius,
677 3387 729 3443 per
750 3385 853 3428 omnes
876 3370 958 3426 vala·
988 3435 992 3440 ,

111 3487 194 3594 Vtarj
222 3516 307 3566 Druna
317 3517 410 3576 cilicet·
