2134 3826
105 255 177 304 ac.
195 259 231 306 n.
267 334 269 337 Ι
317 257 389 306 nna.
417 257 456 306 rr.
508 257 586 307 car.
612 237 781 308 29.-32.
850 220 890 338 L
931 237 979 309 87

106 411 226 483 placuit.
269 411 321 480 Et,
348 413 417 488 qnia
441 416 542 470 velere
565 413 827 473 Senatusconsulto
849 413 981 490 quaestio

105 508 134 566 in
147 517 241 583 caput
254 511 369 568 domini
389 511 602 585 prohibebatur,
624 513 748 570 callidus
769 519 799 570 et
819 516 891 572 novi
911 513 981 571 iuris

106 615 247 681 repertor,
263 609 414 678 Tiberius,
434 611 594 685 mancipari
614 612 744 686 singulos
759 612 850 670 actori
865 612 982 685 publico

107 706 205 767 lubet:
227 709 357 775 scilicet,
370 717 401 766 nt
415 709 446 766 in
461 709 607 768 Libonem
620 727 660 768 ex
674 710 777 778 servis,
791 713 877 768 salvo
892 711 983 768 Sena-

108 809 302 874 tusconsulto,
325 813 519 882 quaereretur.
560 808 608 867 Ob
634 825 709 884 quae
734 813 881 883 posterum
904 809 984 866 diem

109 923 173 962 reus
198 906 317 979 petivit.
338 907 512 982 domumque
535 907 691 982 digressus,
715 913 862 966 extremar
883 923 984 980 preces

109 1004 143 1062 P.
159 1005 288 1078 Quirino
308 1006 468 1080 propinquo
491 1023 545 1064 suo
568 1009 606 1064 ad
633 1007 802 1081 Principem
822 1005 984 1064 mandavit.

110 1104 296 1178 Responsum
324 1109 378 1172 est,
405 1111 436 1161 ut
466 1104 598 1162 smum
624 1111 748 1181 rogaret.
803 1105 1030 1179 cingebaturssl

109 1203 228 1260 interim
242 1203 338 1261 milite
351 1204 462 1272 domus,
483 1207 653 1278 strepebant
672 1204 763 1262 etiam
782 1203 813 1261 in
829 1203 985 1269 vestibulo,

110 1309 142 1359 ut
155 1302 261 1369 audiri,
280 1307 312 1358 ot
334 1303 447 1375 adspici
467 1308 604 1376 possent:
625 1319 692 1376 cum
713 1302 799 1370 Libo,
819 1303 898 1378 ipsis,
913 1319 984 1378 quas

111 1401 141 1458 in
163 1401 356 1458 novissimam
374 1404 556 1474 voluptatem
575 1401 755 1470 adhibuerat,
775 1402 869 1476 epulis
882 1419 986 1460 excru-

110 1500 216 1567 ciatus,
240 1515 346 1557 vocare
367 1517 574 1573 percussorem,
593 1517 731 1574 prensare
751 1517 901 1560 servornm
914 1503 986 1559 dex-

110 1603 179 1663 tras,
202 1599 334 1656 inserere
356 1599 494 1674 gladium.
523 1604 610 1674 atquc
637 1599 706 1667 illis,
730 1599 799 1660 dum
827 1600 985 1674 trepidant,

111 1699 180 1755 dum
193 1697 350 1772 refugiunt,
363 1697 565 1756 evertentibus
585 1697 747 1772 adpositum
761 1715 863 1758 mensa
876 1701 986 1766 lumen,

111 1797 249 1854 feralibus
276 1796 336 1854 iam
363 1795 420 1853 sibi
443 1797 581 1864 tenebris,
608 1797 682 1854 dnos
708 1797 784 1854 ictus
811 1798 843 1856 in
871 1798 987 1855 viscera
1023 1808 1027 1859 l

112 1895 232 1953 direxit.
275 1897 325 1953 Ad
344 1896 485 1970 gemitum
500 1896 686 1953 conlabentis
699 1889 852 1954 adcurrere
865 1895 984 1954 liberti:
1026 1868 1035 1975 ἰ

111 1999 150 2061 et,
163 1995 258 2052 caede
273 1995 347 2062 visa,
361 1995 444 2050 miles
458 1994 579 2052 abstitit.
623 1995 784 2054 Accusatio
791 2001 893 2054 tamen
907 1995 986 2069 apud
1033 1978 1038 2088 'l

111 2093 215 2150 Patres
228 2093 452 2150 adseueratione
472 2095 576 2150 eadem
600 2098 728 2167 peracta,
752 2094 916 2166 iuravitque
932 2093 987 2150 'Pi-
1032 2098 1037 2135 ν’

110 2192 219 2258 berius,
233 2189 387 2267 pmitumrm
399 2207 429 2248 ee
441 2189 527 2248 uitam
546 2190 673 2264 quantula
685 2189 803 2259 norrun,
820 2189 878 2246 aiat
891 2189 987 2247 eduu-

110 2291 219 2346 tam‘mn
230 2270 347 2346 mortem
355 2287 569 2367 properauiaeet.
612 2291 698 2348 Bona
712 2289 788 2346 inter
802 2295 986 2346 accusatores
995 2301 1036 2360 32

110 2389 300 2447 dividuntur:
330 2394 360 2446 et
385 2389 541 2449 Praeturac
563 2395 648 2447 extra
668 2387 801 2446 ordinem
822 2388 909 2444 datae
931 2387 987 2454 his,

111 2487 160 2563 qui
175 2487 316 2546 senatorii
324 2487 435 2546 ordinis
446 2499 538 2546 erant.
581 2489 671 2546 'Punc
683 2487 773 2545 (totta
787 2485 987 2555 Messeniam,

112 2603 148 2642 ue
166 2585 265 2656 imago
287 2584 406 2643 Libones
432 2585 578 2663 exsequiae
599 2592 775 2662 posterorum
798 2578 987 2656 comitaretur,

111 2685 248 2743 censuit:
269 2684 325 2744 Cn.
340 2687 499 2754 Lentulus,
514 2703 548 2742 ae
569 2682 633 2760 quis
647 2674 816 2756 ,Summus
828 2701 989 2761 cognomen·
1062 2705 1063 2708 ¹

108 2791 171 2842 lma
184 2783 279 2841 Drusi
298 2781 471 2841 admnuret:
494 2781 730 2859 supplicationum
750 2781 809 2842 dies
832 2784 989 2858 Pomponii

113 2883 221 2941 Flacci
242 2883 391 2940 sententia
414 2883 576 2942 constituti.
602 2881 674 2939 donn
701 2880 772 2951 lori,
796 2881 898 2951 Morti,
918 2882 988 2940 Coa·

113 2979 235 3048 cordiae,
258 2987 341 3057 mque
359 2979 456 3048 iduum
482 2979 681 3058 Septembrium
705 2977 771 3052 dies,
796 2999 849 3058 quo
865 2999 895 3040 se
915 2981 988 3039 Libo

142 3160 335 3230 Artoripubliec]
367 3161 506 3220 Maneipari,
523 3161 640 3222 mancupio
659 3161 731 3208 tradi:
757 3157 924 3226 umgurmrbm
942 3160 990 3230 sive¹

110 3221 187 3292 vendr,
207 3219 328 3290 drurtDro.
360 3221 466 3291 Supral,
483 3224 526 3302 73..
551 3220 878 3312 Hortifpueuerrditirrtntmrm
890 3224 990 3322 Augffl?

112 3281 184 3402 tul
193 3283 352 3406 dultia
366 3279 449 3384 ,fild
459 3283 506 3384 ll
522 3281 939 3403 1ltbll⁸⁹tltlntttntlbt
950 3310 989 3392 ,a

113 3411 150 3444 res
160 3401 303 3457 rationesque
312 3396 344 3442 rei
355 3395 418 3458 publ.
430 3395 610 3442 administrabat.
622 3354 691 3442 Pfura
700 3396 724 3440 in
734 3395 788 3441 Exn.
801 3393 828 3438 F.
859 3391 922 3444 Lupe.

149 3475 235 3524 Vocare
241 3474 400 3536 percussorem]
421 3474 436 3522 i.
445 3487 467 3522 e.
477 3473 584 3534 aliquem,
595 3473 656 3520 euius
666 3485 732 3519 mauu
742 3469 834 3530 periret.
867 3465 929 3513 Em·
