2164 3846
108 219 235 294 acca
299 150 410 272 -m
435 222 483 272 vr.
535 221 612 272 car.
642 201 807 272 lca-ll.
908 201 982 274 249

113 373 236 436 ‘Macro
259 377 439 446 Praefectus,
454 377 716 454 Tribunommque
728 383 758 434 et
773 377 982 438 centurionum

111 477 226 550 ‘pauci
248 480 348 534 secum
364 476 528 546 introirent,
541 477 675 554 quotiens
693 476 808 534 curiam
821 476 983 552 ingredere-

112 578 184 647 'tur,
210 574 498 652 petiui13'iactoque
522 579 611 652 large,
624 583 654 634 et
669 575 734 634 siue
757 576 984 650 praescriptione

111 673 228 748 generis
242 679 292 732 aut
305 675 426 744 numeri,
447 677 718 766 senatusconsultp,g
730 693 766 732 ue
778 681 855 734 tecta
869 674 985 749 quidem

112 773 202 840 urbis,
225 775 301 830 adeo
324 775 471 848 publicum
485 774 641 832 consilinm
668 760 821 850 numquam
835 774 916 842 adiit,
938 775 986 830 de·

114 871 174 930 viis
188 875 355 948 plerumque
369 871 520 932 itineribus
539 873 690 947 ambigens
713 873 834 946 patriam
848 879 878 930 et
896 872 986 930 decli·

114 989 198 1030 naus.
242 973 359 1030 Interea
375 990 480 1048 magna
502 973 548 1030 uis
562 978 763 1030 accusatorum
778 972 808 1030 in
836 989 886 1030 eos
910 958 1038 1030 turn-⁰¹⁶

114 1071 169 1146 pit,
190 1070 239 1146 qui
261 1071 400 1146 pecunias
420 1072 539 1130 foenore
562 1071 752 1137 auctitabant,
771 1073 925 1129 adversum
948 1075 987 1130 le·

114 1187 182 1246 gem
196 1171 360 1228 Dictatoris
375 1172 519 1240 Caesaris,
533 1189 589 1248 qua
603 1168 635 1226 de
654 1168 734 1226 modo
755 1168 883 1228 credendi
897 1173 988 1250 possi-

116 1266 250 1346 dendique
270 1269 347 1328 intro
368 1268 485 1328 Italiam
508 1277 646 1343 cavetur3
666 1271 804 1329 omissam
816 1269 897 1340 olim,
919 1269 987 1346 quia

115 1367 232 1442 privato
245 1369 310 1426 usui
330 1372 437 1429 bonnm
451 1371 597 1445 publicum
612 1371 802 1446 postponitur.
844 1371 923 1428 Sane
937 1387 987 1428 ve·

116 1471 162 1525 tus
175 1467 240 1526 urbi
254 1468 391 1527 foenebre
404 1471 521 1538 malum,
534 1475 564 1527 et
577 1471 755 1528 seditionum
768 1469 987 1528 discordiarum·

115 1585 170 1642 que
191 1568 366 1628 creberrima
392 1585 515 1626 caussa:
536 1587 627 1645 eoque
650 1570 848 1638 cohibebatur,
861 1569 988 1645 antiquis

117 1686 230 1744 quoque
258 1672 289 1725 et
314 1669 409 1726 minus
433 1669 574 1742 corruptis
602 1669 735 1728 moribus.
790 1670 868 1728 Nam
895 1669 988 1743 primo

117 1765 988 1848 duodecimtabnlissauctum,nequieupcicriosoenorccm·
1031 1781 1034 1790 ’

116 1865 192 1944 plius
200 1873 344 1934 exerceret,
356 1883 422 1924 eum
437 1873 523 1924 antea
538 1885 576 1924 ex
588 1865 709 1924 libidine
724 1867 914 1940 locupletium
928 1865 988 1942 agi·

118 1971 242 2024 leretur:
262 1966 331 2024 dein
344 1965 492 2040 rogatione
507 1965 681 2024 Tribunicia
694 1968 731 2024 ad
755 1966 919 2024 semuncias
947 1981 989 2022 re·

119 2066 215 2136 dueta,
230 2070 375 2138 postremo
391 2065 483 2122 vetita
505 2081 631 2124 versura.
651 2065 806 2140 multisque
827 2064 920 2138 plebis
934 2060 989 2120 sei-

119 2164 157 2223 tis
170 2163 291 2222 obviam
319 2164 391 2222 ilum
412 2163 568 2232 fraudibus,
590 2182 674 2238 qnae,
702 2164 810 2220 totiens
833 2175 990 2234 repressae,

120 2263 207 2322 miras
221 2281 273 2336 per
296 2270 372 2322 artes
396 2281 505 2322 rursum
527 2263 702 2322 oriebantur.
745 2261 805 2318 Sed
825 2265 885 2318 tum
900 2259 991 2318 Grac·

120 2363 192 2420 chus
208 2363 338 2431 Praetor,
361 2363 409 2422 cui
433 2381 469 2420 ea
490 2362 621 2440 quaestio
641 2364 791 2427 evenerat,
806 2356 990 2416 multitudine

120 2461 349 2536 periclitantium
367 2464 513 2528 subactus,
538 2460 636 2519 retulit
659 2461 696 2517 ad
722 2459 885 2516 Senatum:
907 2456 991 2532 trepi-

120 2559 207 2634 dique
221 2559 324 2618 Patres
338 2558 447 2636 (neque
459 2561 538 2618 enim
548 2561 697 2636 quisquam
707 2557 853 2632 taliculpa
868 2553 991 2636 vacuos)

121 2660 240 2716 veniam
255 2676 272 2715 a
287 2658 424 2733 Principe
447 2658 595 2734 petivere:
615 2664 655 2727 et,
682 2659 873 2728 concedente,
898 2675 991 2716 annus

122 2757 153 2816 in
166 2763 312 2832 posterum
325 2775 436 2832 sexque
445 2775 560 2816 meuses
574 2757 644 2826 dati,
655 2758 727 2833 quie,
741 2759 900 2816 secundum
913 2759 993 2816 iussu

121 2856 204 2930 legis,
245 2857 374 2914 rationes
414 2856 571 2914 familiares
610 2859 730 2934 quisque
773 2861 992 2932 componerent.

123 2955 205 3016 Hine
219 2953 320 3029 inopia
343 2955 385 3013 rei
407 2955 565 3024 numeriae,
588 2963 735 3014 commoto
758 2957 841 3015 simul
863 2957 992 3014 omnium
1008 2950 1045 3011 17

123 3070 191 3112 aere
211 3055 325 3124 alienor
347 3060 377 3111 et
404 3054 480 3130 quia,
495 3059 537 3112 tot
555 3056 709 3124 damnatis,
731 3056 872 3130 bonisque
895 3069 994 3112 eorum

124 3153 296 3222 divenditis,
320 3153 466 3228 signatum
484 3159 635 3227 argentum
653 3155 726 3212 tisco
740 3157 788 3212 vel
811 3153 923 3211 aerario
946 3150 994 3206 ad·

124 3253 280 3312 tinebatur.
301 3253 337 3309 ad
352 3253 407 3308 boc
425 3252 550 3309 Senatus
572 3254 804 3327 praescripserat,
817 3251 907 3307 ‘duas
921 3246 996 3320 quie·

120 3356 132 3388 ν·
142 3369 197 3426 que
219 3350 345 3410 foenoris
365 3357 459 3423 partes
475 3350 505 3407 in
522 3351 597 3422 agris
613 3369 663 3423 per
677 3350 794 3406 ltaliam
809 3341 995 3401 conlocaret!
1070 3377 1071 3436 q

128 3433 188 3515 Sed
203 3450 362 3536 creditores
380 3449 412 3514 iu
426 3448 550 3512 solidum
563 3447 768 3524 atlpellabuut:
789 3453 846 3498 uec
859 3437 997 3494 decorum
