2166 3834
105 194 177 263 suu
339 203 347 222 ·
430 213 614 264 russeum
683 243 687 252 ·
828 212 979 266 avere.

101 367 305 445 proficiscendi
323 365 355 426 in
373 368 541 442 provincias
554 365 709 426 consilium
728 365 859 425 retertur.
881 371 978 428 ‘mul-

99 467 255 526 titudinem
285 465 495 528 veteranorum'
522 469 712 541 praetexebat
740 467 914 539 imperator,
943 472 978 525 et

100 567 280 624 ‘delectibus
301 567 477 638 supplendos
504 565 661 620 exercitus.
686 581 753 620 nam
778 566 977 624 voluntarium
1037 635 1039 642 Α

99 661 377 733 *ωἰΙὶίοωᾱκιιος
403 679 449 728 ac,
467 663 493 718 si
517 661 690 734 suppeditet,
715 679 773 718 non
795 663 900 720 eadem
916 665 977 722 vir·

1065 1103 1066 1154 l

101 767 182 820 ‘tute
195 778 231 821 sc
244 760 385 820 modestis
409 777 513 834 agere:
537 759 605 834 quis
626 762 794 834 plerumque
818 761 924 834 inopes
937 779 975 820 ac

99 861 186 934 tvagi
199 865 302 932 sponte
315 859 451 918 militiam
463 865 579 916 sumant
587 856 604 913 :'
625 859 848 932 percensuitque
862 863 974 922 cursim

100 975 252 1016 numerum
275 959 432 1032 legionum,
458 964 581 1032 atquae
606 957 775 1032 provincias
800 965 975 1018 tutarentur.

101 1057 188 1130 Quod
215 1058 286 1116 mibi
311 1075 424 1132 quoque
451 1058 670 1132 exsequendum
705 1073 880 1131 reor,‚quae
912 1063 975 1116 tum
1002 1109 1005 1114 .

100 1155 235 1216 Romana
257 1157 343 1230 copia
365 1156 397 1214 in
422 1157 520 1222 armis,
546 1155 595 1230 qui
622 1155 714 1220 socii-
727 1155 834 1230 Reges,
860 1161 973 1230 quanto

71 1255 139 1320 brit
166 1255 314 1330 angustius
346 1254 550 1328 imperitatum.
603 1253 720 1334 ltaliam
748 1259 870 1328 utroque
897 1255 973 1314 mari

100 1353 176 1412 duae
196 1356 314 1420 classes,
338 1352 487 1412 Misenum
512 1354 588 1426 apud
611 1358 642 1410 et
667 1353 851 1424 Ravepnum,
874 1353 972 1426 proxi·

99 1467 234 1527 mumque
256 1451 373 1509 Galliac
393 1453 462 1510 litus
482 1457 622 1510 metretae
642 1469 735 1510 naves
756 1450 974 1524 praesidebant,

99 1567 171 1625 quas
200 1549 326 1608 Actiaca
360 1551 486 1608 victoria
517 1558 622 1624 captas
649 1551 798 1624 Augustus
819 1549 863 1614 ¹iu
890 1550 974 1624 oppi-

99 1647 168 1706 dum
204 1647 406 1708 Foroiuliense
443 1648 570 1716 miserat,
608 1649 709 1706 valido
747 1665 813 1706 eum
849 1649 972 1724 remige.

100 1747 160 1809 Sed
186 1747 374 1820 praecipuum
403 1749 489 1806 robur
524 1749 660 1806 Rhenum
694 1747 787 1815 iuxta,
812 1764 971 1806 commune
1065 1777 1066 1784 κ

98 1845 131 1904 iu
158 1845 322 1904 Germanos
349 1846 509 1920 Gallosque
543 1845 713 1911 subsidium,
740 1851 809 1903 octo
836 1847 972 1918 legiones

98 1951 191 2003 erant.
243 1944 412 2018 Hispaniae,
446 1961 549 2004 recens
576 1944 764 2018 perdomitae,
798 1943 889 2002 tribus
918 1945 972 2004 ba·

95 2045 249 2103 bebsntur.
291 2042 409 2102 Mauros
432 2044 505 2102 lube
529 2043 596 2102 Rex
615 2047 771 2124 acceperet
790 2043 900 2102 donum
914 2043 973 2102 Po-

80 2129 161 2218 'puli
186 2142 321 2202 Romani.
361 2142 469 2200 (latera
492 2142 622 2215 *Africae
646 2159 698 2214 per
722 2142 794 2198 duas
816 2141 971 2218 legionen

98 2243 216 2318 parique
231 2258 350 2300 numero
374 2242 536 2315 Aegyptus.
578 2241 697 2298 Dehinc
721 2238 807 2298 initio
827 2241 865 2297 ab
881 2241 972 2314 Syria

98 2359 188 2416 usque
202 2343 239 2399 ad
262 2342 368 2400 flumen
393 2340 573 2412 Euphraten,
593 2344 731 2414 quantum
752 2339 867 2412 ingenti
882 2344 971 2398 terra·

98 2457 160 2498 rum
201 2440 267 2498 sinu
296 2439 430 2506 ambitur,
462 2443 583 2512 quatuor
616 2436 781 2512 legionibus
813 2437 968 2500 coercita:
1065 2457 1066 2504 ς

98 2539 208 2596 accolis
222 2539 307 2596 Ibem
323 2539 498 2612 Albanoque,
509 2542 539 2594 et
553 2535 618 2594 utils
629 2535 772 2609 Regibus,
785 2535 835 2610 qui
857 2537 969 2612 magni·
1065 2519 1066 2590 i

97 2637 310 2692 tudinenostra
324 2643 512 2710 proteguntur
524 2637 678 2692 adversum
698 2634 967 2710 externaimperis.
1065 2701 1066 2720 ἶ

72 2755 77 2768 ·
96 2733 135 2798 ΕΙ
152 2727 312 2791 Thraciam
328 2735 552 2792 Rhoemetalces
566 2751 602 2792 ac
617 2733 701 2792 liberi
716 2733 842 2806 Cotyis3
863 2735 966 2808 ripam·

96 2842 152 2906 que
178 2832 308 2888 Danubii
333 2833 480 2904 legionum
504 2833 579 2890 duae
603 2831 634 2890 iu
659 2832 912 2898 Pannoniaduaa
935 2832 967 2890 in

97 2929 211 2990 Moesia
225 2930 407 2988 attinebant:
429 2931 550 2990 totidem
564 2931 644 3004 apud,
655 2929 834 2988 Dalmatiam
853 2929 969 3000 locatis,

96 3047 181 3103 quae,
203 3029 297 3101 positu
320 3029 446 3103 regionis
460 3045 479 3086 e
493 3034 574 3104 tergo
588 3029 656 3096 illis,
670 3045 715 3096 ac,
739 3028 764 3084 si
779 3029 966 3100 repentinum

96 3127 236 3184 auxilium
270 3125 355 3182 ltalia
382 3131 536 3197 posceret,
551 3129 627 3184 baud
656 3129 755 3200 procul
783 3127 968 3186 sortirentur:
1065 3127 1066 3140 ¹

95 3239 266 3297 quamquam
287 3219 426 3278 insideret
447 3225 546 3280 urbem
568 3226 697 3296 proprius
720 3226 815 3291 miles,
839 3230 898 3282 tres
923 3243 967 3284 ur·

94 3321 198 3384 banse,
225 3335 331 3376 novem
359 3317 519 3388 praetoriae
545 3322 690 3389 cobortes,
725 3322 843 3382 Etruria
876 3323 968 3382 lerme

94 3415 272 3490 Vmbriaque
294 3417 438 3484 delectae,
462 3421 512 3476 aut
536 3423 637 3478 vetere
662 3419 760 3490 Latio,
782 3426 815 3478 et
838 3421 966 3482 coloniis
