2172 3842
6 311 7 326 ἶ
93 249 139 300 nr
365 231 378 270 2
415 237 636 294 saturano.

6 357 7 440 i
92 399 260 482 ingenium,
282 405 318 462 ul
332 397 481 462 virtutem
497 383 680 478 dignitatum
703 391 829 478 penitus
845 411 959 476 esper-
1079 403 1080 460 f

91 513 155 570 tem
167 507 311 570 voluerit.
358 503 406 568 Ut
424 514 456 567 ut
472 511 531 578 est,
545 512 616 587 post
633 512 808 587 praeturam
820 493 959 562 Tacitus

90 633 132 676 ex
145 613 238 678 Urbe
254 611 401 686 secessit,
418 632 477 673 nun
494 611 712 692 exactorque
727 609 783 669 otii
796 607 959 692 cupidine,

91 720 174 803 quod
192 719 377 802 quibusdam
403 718 531 801 placuit,
555 725 596 790 at,
619 724 652 778 ut
677 717 779 778 verior
803 715 862 778 lert
883 735 958 776 con·

86 825 224 911 jectura,
248 824 423 910 praetorius
451 824 582 903 legatus,
603 823 827 906 provinciseve
852 831 959 884 rector
1079 817 1080 858 ¹

88 953 109 994 a
141 931 290 1016 Principe
329 930 504 1013 impositus.
554 929 681 992 Absens
720 928 958 1012 quadriennium

87 1036 218 1119 egerat,¹
232 1057 304 1098 cnm
327 1036 452 1120 accepit
474 1057 595 1099 summo
619 1036 734 1096 doloris
759 1056 852 1097 sensu
869 1057 958 1098 soce·
999 1067 1005 1080 ·

89 1166 156 1208 rum
173 1165 261 1207 suurn
281 1145 460 1224 Agricolam
484 1143 608 1205 decimo
633 1143 793 1208 Kalendas
811 1141 958 1228 Septem,-

87 1251 165 1326 bris,
195 1273 274 1314 auno
304 1251 406 1313 Urbis
437 1249 582 1312 conditae
613 1269 798 1324 occursuri,
824 1259 956 1312 mortem

87 1357 204 1421 obiisse
217 1381 227 1432 ς
250 1366 293 1433 et,
310 1365 344 1420 ut
359 1356 441 1438 sarua
456 1365 532 1432 erat,
544 1356 715 1419 Domitiani
729 1376 849 1420 veneno
862 1356 955 1420 inter·

85 1473 241 1549 ceptum!

131 1570 167 1634 lu
181 1573 289 1632 urbem
305 1579 370 1634 tum
386 1593 545 1647 reversus,
559 1573 738 1658 Principem
750 1573 880 1659 reperit,
893 1591 954 1634 non

84 1675 148 1760 jam
165 1677 296 1752 insidiis,
320 1678 378 1740 sed
402 1679 530 1762 publico
547 1681 696 1742 bonorum
709 1679 954 1742 odioierocem.

88 1782 181 1845 Vidit
197 1785 358 1846 obsessam
375 1784 504 1860 curiam,
528 1786 667 1847 clausum
692 1787 784 1848 armis
801 1799 954 1860 senatum,

87 1901 247 1952 senatores
264 1891 293 1952 in
317 1911 478 1952 carcerem
501 1911 519 1952 a
541 1891 737 1954 senatoribus
759 1890 884 1964 ductos,
901 1896 956 1953 ant

84 1995 244 2060 innocenii
274 1997 420 2082 pertusos
454 1997 615 2078 sanguiue.
673 1995 766 2060 Talia
795 1996 955 2082 Principis

86 2113 279 2186 senatusque
301 2103 472 2188 opprobria
500 2103 628 2178 vidisse,
655 2102 955 2186 iisque'senatoriae

86 2209 245 2291 dignitatis
269 2209 459 2272 necessitate
486 2209 666 2272 interfuisse
689 2210 733 2272 ita
756 2209 955 2286 inhorrescit,

85 2325 132 2391 ut,
148 2316 198 2378 vel
214 2337 251 2377 ea
267 2316 551 2392 commemorando,
579 2321 613 2380 si
632 2317 744 2398 fiagitii
767 2339 826 2380 nec
850 2319 955 2380 minis·

85 2429 179 2498 trum,
196 2443 254 2486 nec
271 2443 442 2500 suasorem,
459 2443 605 2506 umquam
627 2424 726 2486 luisse
749 2425 825 2487 satis
847 2423 955 2510 prodi·

85 2528 194 2593 derisu

129 2637 240 2700 Foeda
262 2636 455 2710 criminibus,
478 2638 564 2701 luctu
593 2648 713 2703 moesta
736 2646 876 2727 tempora
898 2659 954 2702 ex-

82 2742 227 2810 hilaravit
253 2743 407 2830 Princeps
437 2743 546 2808 Nerva
570 2765 650 2810 anno
677 2748 779 2812 Urbis
805 2749 953 2815 conditae

85 2871 272 2914 uoooxsrx.
319 2849 404 2914 'Puro
429 2851 546 2918 ,redire
584 2854 693 2916 virtuti
724 2854 835 2933 decus,
866 2857 953 2922 vitiis

84 2955 219 3033 infamia,
236 2958 349 3020 sceleri
366 2959 507 3021 exitium.
554 2959 733 3046 Auspicata
756 2963 952 3049 principatus

83 3062 170 3126 initia
196 3064 353 3145 insignivit
381 3065 544 3146 singularis
571 3068 763 3130 consulatus.
810 3070 953 3152 Dignita-

84 3176 146 3232 teru
173 3170 255 3233 enirn
286 3193 366 3235 anuo
395 3171 497 3235 Urbis
529 3173 673 3236 conditae
706 3195 814 3238 nuncu
853 3177 951 3240 iniere

85 3276 194 3340 Nerva
219 3279 386 3360 Augustus
414 3279 464 3342 lll
493 3287 526 3342 et
561 3271 733 3358 Verginius
766 3281 871 3345 Rufus
898 3283 951 3347 111

113 3447 212 3496 ¹racrr.
223 3449 273 3496 vn.
288 3449 388 3509 agrian
401 3465 449 3515 esp.
461 3453 493 3498 n.
508 3453 532 3498 et
542 3453 578 3500 rs.
657 3449 750 3500 ’uon
762 3419 816 3501 nin
827 3467 876 3514 op.
887 3455 925 3504 nr

135 3527 209 3578 uuus
222 3530 276 3580 urs
287 3543 338 3591 up,
347 3533 382 3578 u.
