2134 3826
88 241 135 309 54
411 263 596 314 annuarum
811 248 841 312 a.
859 261 892 311 v.
910 259 963 312 rsa.

88 433 143 491 que
165 418 345 490 propulsaret
367 419 489 486 hostem,
511 422 607 476 castra
631 413 734 476 metari
757 417 789 476 in
803 419 872 475 loco
897 419 960 490 pla·
987 487 992 492 ι

37 521 78 577 64
88 515 165 586 cuit3
187 520 218 572 ut
244 533 326 589 opius,
340 523 370 574 et
384 519 435 575 alii
461 518 601 590 proelium
620 517 795 590 inciperent.
838 515 964 576 Barbari
1062 583 1063 594 χ

89 615 266 689 perfringere
289 618 439 684 stationes,
453 635 541 692 seque
563 617 669 674 inferre
685 603 877 674 munitoribus
892 617 963 686 nisi,
1062 659 1063 668 ,

89 717 245 782 lacessunt,
259 715 546 790 circumgrediuntnr,
555 721 728 773 occursant:
749 715 964 789 misceturope·

91 813 215 870 nantium
240 815 466 890 bellantiumque
479 817 600 872 clamor.
615 820 647 871 et
660 819 768 871 cuncta
782 815 889 887 pariter
904 815 963 872 Ro·-

92 913 185 970 manis
207 915 348 982 adversas
370 916 449 970 locus
463 913 574 987 uligine
588 913 737 986 protunda,
755 911 834 970 idem
848 915 884 970 ad
900 931 964 988 gra-

92 1012 159 1068 dum
173 1011 326 1080 instabilis,
349 1012 571 1085 procedentibus
595 1013 736 1082 lubricum
759 1027 878 1086 corpora
899 1029 964 1087 gra·

94 1111 144 1168 via
158 1111 274 1169 loricis:
296 1129 390 1187 neque
414 1111 518 1169 librare
543 1099 602 1184 pila
616 1110 693 1169 inter
712 1113 804 1168 undas
817 1116 962 1185 poterant.

95 1211 213 1278 Contra,
225 1211 381 1269 Cheruscis
394 1216 475 1268 sueta
485 1212 559 1284 apud
572 1212 691 1284 paludes
700 1209 809 1284 proelia
818 1224 965 1283 ;·prccera

94 1313 238 1380 membru;
259 1311 360 1366 bastae
384 1309 518 1384 ingentes
531 1311 567 1366 ud
579 1311 703 1366 ¹vulnera
718 1308 853 1366 iacienda
865 1325 964 1383 quam

96 1407 141 1464 ris
161 1410 269 1480 procul.
292 1427 350 1465 non
366 1410 480 1466 demum
502 1407 672 1466 inclinantis
694 1408 751 1466 iam
769 1407 901 1481 legiones
915 1408 965 1465 ad-

62 1534 68 1546 ·
95 1523 198 1562 versae
213 1525 326 1580 pugnae
349 1508 468 1565 exemit.
511 1507 662 1573 Germani,
676 1510 713 1564 ob
734 1525 869 1580 prospera
883 1507 966 1564 inde·
1062 1563 1063 1570 ,

95 1586 175 1670 lessi,
188 1621 224 1660 ne
240 1613 299 1661 tum
308 1605 423 1679 quidem
435 1613 549 1680 sumpta
560 1606 666 1681 quiete,
677 1611 815 1680 quantum
826 1623 966 1680 aquarum
1062 1657 1063 1662 ,

94 1702 204 1760 circum
218 1704 400 1778 surgentibus
425 1704 498 1779 iugis
513 1705 616 1772 oritur,
627 1711 740 1764 vertere
760 1703 792 1760 in
810 1704 962 1760 subiecta:
1062 1739 1063 1748 κ

35 1827 40 1836 ’
95 1817 244 1876 mersaque
259 1803 355 1870 humo,
369 1808 399 1859 et
413 1804 523 1870 obruto,
537 1804 612 1878 quod
638 1804 772 1862 effectum
794 1803 900 1875 operis,
916 1805 965 1860 du-

95 1899 219 1974 plicatus
232 1900 317 1979 militi
330 1903 416 1958 labor.
460 1901 717 1975 Quadragesimum
732 1901 761 1958 iri
787 1901 967 1974 stipendium
1062 1933 1063 1956 r

97 1999 230 2056 Caecina
243 2001 364 2073 parentii
385 2005 434 2057 aut
453 1999 640 2073 imperitandi
663 2001 804 2068 habebat;
825 2002 966 2057 secunda·
1062 2047 1063 2054 ,

96 2117 157 2155 rum
185 2099 437 2174 ambiguarumque
451 2117 544 2158 rerum
559 2101 666 2167 sciens,
693 2117 784 2174 eoque
805 2097 965 2156 interritus.

96 2198 187 2271 igitur
201 2199 293 2255 luitura
308 2201 441 2266 volvens,
457 2216 516 2256 non
531 2199 609 2256 aliud
622 2197 737 2272 reperit,
751 2213 836 2272 quam
853 2203 886 2253 nt
900 2198 966 2253 bos-
1062 2173 1063 2216 Τ

96 2303 155 2354 tem
166 2297 248 2355 silvis
258 2303 415 2365 coerceret,
429 2299 523 2355 donec
534 2298 637 2364 saucii,
648 2301 842 2371 quantumque
851 2297 966 2370 gravio·
1062 2297 1063 2354 T

97 2396 136 2452 ris
150 2397 283 2471 agminis,
307 2397 461 2454 anteirent.
477 2413 544 2454 nam
568 2397 665 2453 medio
685 2397 826 2453 montium
842 2401 873 2452 et
888 2399 966 2479 palu·
1062 2441 1063 2444 ,

3 2489 4 2562 s
97 2497 164 2552 dum
179 2497 376 2570 porrigebatur
389 2497 534 2568 planities,
545 2513 618 2570 quae
638 2499 755 2552 tenuem
775 2495 870 2551 aciem
888 2499 967 2566 pute·
1062 2497 1063 2574 ξ

98 2600 182 2650 retur.
238 2595 414 2668 Deliguutur
440 2595 580 2668 legiones,
609 2594 710 2668 quinta
737 2595 841 2651 dextro
872 2595 965 2663 lateri,
1062 2615 1063 2632 ¹

3 2717 6 2778 ὲ
98 2691 327 2748 unoetvicesima
356 2692 387 2748 in
419 2695 554 2762 laevnm3
589 2691 714 2766 primuni
736 2693 900 2749 ducendum
929 2695 968 2752 sti
1062 2697 1063 2708 ¹

3 2857 4 2868 2
46 2793 220 2865 65agmen3
242 2789 437 2847 vicesimanus
461 2791 786 2848 adversnmseouturos.
829 2791 968 2865 Noxper
1062 2811 1063 2820 ¹

3 2943 4 2946 ,
98 2893 212 2948 diversa
226 2891 355 2970 inquies:
370 2908 436 2947 cum
452 2891 562 2947 barbari
578 2890 657 2948 lestis
672 2891 774 2963 equalis,
789 2892 866 2946 laeto
877 2899 969 2950 cantu

99 2997 147 3048 aut
162 2990 236 3048 truci
249 3007 352 3046 sonore
367 2989 498 3046 subiecta
514 2989 634 3046 vallium
649 3007 684 3046 ac
698 2989 864 3046 resultantis
875 2992 968 3047 saltus

3 3077 4 3094 ³
98 3053 295 3160 complerent3
316 3089 390 3160 apud
408 3087 686 3146 Romanosinvalidi
697 3087 779 3161 ignes
789 3087 966 3160 interruptae

101 3192 297 3260 recessitque
317 3185 371 3258 ipsi
387 3185 493 3259 passim
512 3187 678 3244 adiacerent
694 3189 782 3255 vallo,
796 3187 966 3243 oberrarent

128 3329 271 3416 Iutirruptue
285 3360 353 3420 nuces]
392 3359 465 3413 Quae,
484 3364 524 3404 aut
542 3348 780 3428 quonunPVigilum.
812 3359 847 3428 lta
864 3359 968 3428 capiendi
1062 3359 1063 3420 l

99 3427 177 3464 auctor
188 3421 234 3479 ipsc
244 3419 336 3466 Tacitus
347 3419 376 3464 H.
386 3423 407 3472 ⁵,
418 3421 454 3464 22.
489 3417 539 3463 Duo
549 3423 616 3478 rgrtur
625 3418 724 3462 solennia
736 3418 843 3464 Romame
853 3418 965 3476 vigilibus,

3 3477 5 3504 ³
100 3478 190 3538 Signum
199 3484 222 3526 et
234 3477 316 3524 Voces·
345 3478 443 3536 signum,
453 3476 518 3538 sapic
527 3475 655 3524 buccinare:
675 3475 753 3533 Voces,
768 3475 823 3523 istas
833 3489 888 3537 quas
897 3477 966 3524 inter·
