2134 3826
75 251 123 316 52
397 263 583 316 annaurim
803 271 834 318 a.
851 269 883 318 v.
899 273 950 320 res

74 421 110 480 rit
124 421 364 480 undevicesimae
380 413 505 496 legionis
520 422 657 496 aquilam,
678 437 745 480 cum
767 422 852 480 Varo
866 414 953 482 amis⁴
1055 417 1056 426 ’

72 537 143 578 sem.
186 521 316 579 Ductum
329 523 398 578 inde
413 537 518 596 agmen
533 523 569 578 ad
585 521 702 578 ultimos
716 522 926 579 Bructerorum
942 542 950 579 ι
1055 573 1056 592 ,

73 627 268 696 quantumque
284 619 428 677 Amisiam
438 626 468 674 et
483 620 627 692 Luppiam
640 635 743 678 amnes
753 621 841 687 inter,
854 625 950 678 vaste·
1055 627 1056 630 ’

74 723 144 786 tum,
158 719 234 776 haud
260 722 359 792 procul
385 719 633 792 Teutoburgiensi
655 722 742 788 saltu,
767 720 798 778 in
813 737 871 794 quo
885 719 951 778 reli*

20 829 57 885 61
74 818 160 892 quiae
174 819 248 875 Veri
264 818 466 893 legionumque
488 819 652 892 insepultae
666 819 849 876 dicebantur.
893 817 951 892 lgi⁴

74 923 120 974 tur
132 917 240 991 cupido
264 918 420 976 Caesarem
436 918 560 982 invadit,
575 919 715 974 solvendi
725 931 859 991 suprema
874 917 949 975 miti·

73 1015 150 1074 libus
165 1017 306 1091 ducique,
328 1023 458 1088 permoto
479 1017 517 1072 ad
541 1015 760 1074 miserationem
782 1017 873 1085 omni,
898 1015 949 1091 qui

73 1117 183 1182 aderat,
197 1116 339 1182 exercitu,
353 1117 391 1171 ob
412 1114 599 1188 propinquos,
620 1115 742 1178 amicos,
766 1116 895 1189 denique
909 1117 949 1172 oli

73 1231 158 1272 casus
171 1216 312 1272 bellorum
327 1219 357 1270 et
367 1221 474 1273 sortem
489 1213 648 1270 bominum.
692 1215 857 1271 Praemisso
872 1213 948 1271 Cae·

73 1314 149 1380 cina,
175 1320 206 1370 ut
231 1315 347 1371 occulta
370 1315 494 1370 saltuum
522 1319 705 1379 scrutaretur,
728 1321 889 1386 pontesque
917 1318 949 1370 et

72 1429 193 1485 aggeres
203 1412 320 1468 humido
332 1414 467 1485 paludum
480 1417 509 1467 et
524 1411 676 1468 fallacibus
689 1412 802 1484 campis
816 1411 949 1483 impone·

74 1517 128 1574 ret,
143 1510 284 1567 incedunt
306 1517 432 1566 moestos
448 1513 537 1576 locos,
553 1511 673 1584 visuque
688 1525 724 1567 ae
739 1509 876 1566 nsemoria
898 1511 949 1566 de·
1055 1503 1056 1506 ’

72 1610 186 1666 lormes.
228 1609 324 1664 Prima
340 1607 413 1665 Veri
427 1611 604 1676 castratam
617 1609 736 1675 ambitu,
751 1615 782 1665 et
803 1607 947 1666 dimensis

72 1705 234 1782 principiis,
248 1707 334 1764 trium
349 1707 497 1780 legionum
512 1725 614 1764 manus
638 1709 843 1764 ostentabant:
864 1705 948 1774 dein,
1055 1729 1056 1736 ¹

72 1807 209 1864 semiruto
231 1809 319 1873 vallo,
341 1806 443 1862 humili
468 1806 553 1872 losse,
577 1803 693 1864 accisae
716 1806 776 1862 iam
804 1805 947 1881 reliquias
1055 1841 1056 1852 ,

72 1905 240 1962 consedisse
257 1904 525 1978 intelligebantur:
562 1905 659 1961 medio
682 1903 780 1977 campi
814 1903 948 1963 albentis

72 2021 147 2070 ossa,
163 2011 194 2060 ut
209 2004 350 2078 ingerant,
365 2009 396 2059 ul
409 2005 584 2069 restiterant,
597 2003 721 2060 disiecta
736 2005 784 2060 vel
799 2009 946 2076 aggerata

72 2102 245 2160 adiacebant
259 2101 401 2175 fragmina
413 2103 544 2169 telorum,
555 2117 747 2176 equorumque
759 2101 947 2166 armasimul

73 2203 181 2260 truncis
195 2204 328 2260 arborum
350 2201 478 2258 antefixa
503 2217 573 2256 ora:
594 2199 667 2257 tucis
693 2200 862 2274 propinquis
883 2202 947 2257 bar·

52 2317 56 2321 ·
72 2301 159 2358 barae
173 2319 250 2368 arae,
264 2301 338 2376 apud
354 2317 423 2374 ques
439 2298 627 2366 tribunos-ac
642 2299 797 2371 primorum
810 2297 946 2357 ordinum
1055 2341 1056 2350 ,

73 2401 259 2458 centuriones
284 2403 493 2458 mactaverant.
518 2403 548 2454 et
570 2397 663 2454 cladis
678 2397 741 2454 eius
765 2399 947 2471 superstites,

73 2516 199 2572 pugnam
213 2504 261 2554 aul
277 2497 396 2554 vincula
410 2497 511 2570 elapsi,
527 2497 698 2564 referebant,
713 2503 721 2529 ‘
737 2497 786 2554 hic
800 2497 946 2556 cecidisse

73 2597 222 2669 ‘legatos;
243 2595 304 2652 illic
333 2601 428 2667 raptas
452 2595 584 2670 aquilas3
615 2571 742 2670 primum
761 2595 812 2652 ubi
836 2597 944 2656 vulnus

73 2693 175 2750 ‘Vero
199 2695 349 2764 adactum3
370 2695 420 2750 ubi
434 2693 545 2753 infelici
567 2697 671 2752 dextra
685 2700 714 2751 et
726 2712 778 2762 suo
792 2679 858 2752 ictu
868 2713 944 2752 mor·

74 2797 153 2850 ‘tem
168 2791 335 2862 invenerit3
356 2810 413 2866 quo
427 2792 764 2850 tribunaliooucionatus
782 2793 943 2862 Arminius,
1055 2845 1056 2856 ,

72 2897 160 2967 ‘quot
176 2892 300 2966 patibula
317 2891 452 2964 captivis,
466 2910 539 2965 quae
554 2895 688 2962 scrobes3
711 2901 798 2965 utque
812 2891 945 2966 signiset
1055 2917 1056 2922 ¹

19 2991 197 3066 62‘aqnilis
217 3009 267 3064 per
288 2991 451 3064 superbiam
475 2989 628 3048 inluserit?
668 2990 761 3064 igitur
781 2991 942 3060 Romanus,

52 3063 119 3197 iqm
134 3093 242 3156 aderat,
266 3090 420 3158 exercitus,
435 3095 552 3146 sextum
567 3095 630 3162 post
650 3088 744 3146 cladis
760 3107 879 3156 annum,
893 3091 942 3147 tri·

55 3204 118 3262 lum
133 3190 280 3262 legionum
303 3205 378 3254 ossa,
399 3189 479 3244 nullo
502 3194 652 3255 noscente,
666 3188 779 3246 alienas
804 3187 941 3261 reliquias
1055 3201 1056 3266 t

19 3269 107 3389 'dian
122 3304 235 3344 suorum
251 3289 337 3342 humo
349 3292 468 3360 tegeret,
479 3303 580 3342 omnes
595 3292 625 3342 ut
638 3285 821 3350 coniunctos,
832 3292 862 3343 ul
873 3304 943 3346 con·
1055 3281 1056 3286 ἵ

59 3388 253 3469 {sanguineon
278 3390 363 3442 aucta
378 3385 408 3440 in
424 3385 536 3440 hostem
558 3385 609 3449 ira,
631 3385 734 3442 nroe'sti
755 3385 841 3442 simul
856 3392 885 3442 et
900 3386 945 3444 in-

62 3581 159 3668 pitem
174 3585 284 3642 ttaesar
296 3581 400 3655 posuit,
420 3579 584 3656 gratissimo
597 3596 715 3644 munere
730 3581 761 3644 in
776 3583 946 3653 defunctos,

10 3489 11 3552 t
68 3485 143 3540 lensi
168 3487 344 3541 condebant.
387 3483 516 3538 Primum
540 3484 717 3538 exstruendo
739 3486 852 3540 tumulo
877 3502 943 3543 ces·

1055 3753 1056 3795 t

11 3758 14 3795 t
31 3745 145 3796 A
