2132 3850
105 222 179 270 sc.
198 224 233 269 rr.
358 221 433 270 cra.
461 221 483 266 1.
528 169 788 268 crata-77.
939 199 988 268 63

104 377 283 434 mandatum.
327 374 480 434 Achaiam
493 393 528 433 ac
550 367 771 442 Macedoniam,
785 393 874 436 onera
887 377 988 450 depre-

106 477 211 544 cantis,
223 475 320 532 levari
334 475 367 532 iu
382 493 522 548 praesens
537 475 734 549 proconsulari
755 475 889 550 imperio,
903 475 990 532 tradi·

108 595 163 652 que
177 575 303 634 Caesari
316 575 441 648 placuit.
463 575 593 632 Edendis
607 575 825 650 gladiatoribus,
835 593 906 650 quos
918 575 989 632 tier·

105 675 217 734 manici
229 674 326 732 fratris
335 691 372 732 ac
399 691 452 732 suo
467 674 584 732 nomine
606 677 760 743 obtulerat,
779 675 890 732 Drusus
906 691 985 747 prae·

108 776 191 846 sedit,
206 791 379 850 quamquam
403 774 459 830 vili
482 774 623 848 sanguine
647 774 733 832 nimis
752 775 899 850 gaudens:
914 775 991 848 quod

108 878 199 948 rotgo
212 875 441 937 formidolosum,
455 879 486 930 et
499 879 581 947 pater
593 875 721 947 arguisse
735 875 895 932 dicebatur.
926 873 989 931 Cur

110 974 282 1032 abstinuerit
296 975 469 1047 spectaculo
486 972 559 1046 ipse,
574 973 655 1031 varie
670 976 840 1032 trahebant:
861 974 914 1034 atii
928 979 988 1032 tae·

112 1074 161 1131 dio
176 1079 289 1141 coetus,
303 1073 421 1148 quidam
436 1072 554 1130 tristitia
567 1071 689 1148 ingenii,
704 1080 734 1130 et
748 1079 827 1131 metu
841 1091 990 1146 compara·

110 1173 209 1241 tionis,
223 1173 291 1248 quia
308 1175 458 1247 Augustus
472 1172 595 1230 comiter
615 1173 803 1230 interfuisset.
845 1173 914 1230 Non
929 1191 990 1232 cre·

110 1273 245 1340 diderim‚
272 1275 309 1330 ad
337 1273 542 1329 ostentandam
573 1273 739 1340 saeuitiam,
770 1273 988 1347 movendasque

110 1373 210 1448 populi
224 1372 410 1438 offensiones,
425 1389 597 1430 concessam
617 1372 679 1430 filio
704 1371 873 1431 materiem:
893 1387 991 1447 quam·

111 1490 199 1548 quam
224 1473 255 1530 id
280 1490 393 1547 quoque
418 1471 530 1529 dictum
554 1477 607 1529 est.
661 1473 703 1530 At
725 1473 831 1530 theatri
858 1471 1041 1536 licentia-ir*

112 1571 249 1646 proximo
278 1571 373 1642 priore
401 1588 480 1628 auno
506 1575 620 1644 coepta,
649 1571 767 1646 gravius
798 1579 858 1632 tum
885 1569 991 1644 erupit,

112 1671 221 1730 occisis
238 1689 297 1728 non
313 1672 401 1728 modo
425 1689 442 1727 e
467 1671 562 1745 plebe,
586 1673 637 1728 sed
651 1671 790 1730 militibus
814 1677 845 1730 et
865 1671 991 1732 centuri.

111 1788 179 1839 one,
201 1773 357 1828 vulnerato
377 1769 494 1826 tribuno
514 1771 676 1843 praetoriae
696 1771 833 1840 cohortis,
847 1774 915 1829 dum
930 1789 993 1844 pro·

112 1873 163 1928 bra
178 1871 210 1927 in
233 1869 417 1942 magistratus
442 1874 472 1925 et
495 1869 707 1926 dissensionem
722 1872 803 1945 vulgi
826 1871 989 1944 prohibent.

112 1971 226 2028 Actum
250 1969 287 2026 de
302 1986 339 2024 ea
361 1967 506 2024 seditione
527 1969 601 2041 apud
626 1969 735 2037 Patres,
761 1971 990 2045 dicebanturque

110 2068 287 2135 sententiae,
307 2073 339 2124 ut
353 2064 537 2124 Praetoribus
556 2066 602 2124 ius
621 2066 767 2144 virgarum
787 2067 818 2124 in
839 2067 990 2126 histriones

109 2174 189 2226 esset.
212 2167 380 2225 intercessit
410 2166 546 2223 Haterius
575 2169 704 2242 Agrippa
728 2167 859 2223 tribuous
882 2167 991 2242 plebei,

110 2267 330 2341 increpitusque
353 2269 398 2322 est
423 2265 521 2322 Asinii
542 2266 623 2322 Galli
644 2265 787 2332 oratione,
812 2265 917 2322 silente
937 2265 990 2322 'Pi-

112 2368 204 2434 berio,
217 2367 267 2442 qui
280 2383 316 2422 ea
330 2365 485 2422 simulacra
508 2365 651 2422 libertatis
677 2363 801 2421 Senatui
824 2365 990 2436 praebebat·

112 2467 207 2524 valuit
222 2473 321 2522 tamen
336 2464 518 2530 intercessio,
533 2465 600 2538 quia
621 2465 707 2520 divus
722 2465 871 2538 Augustus
893 2461 990 2520 dumu-

111 2583 161 2623 aes
183 2562 328 2622 verinum
352 2561 502 2619 histriones
516 2565 664 2637 quondam
689 2565 990 2639 responderat‚neque

110 2667 152 2722 las
175 2663 310 2729 Tiberio,
331 2660 489 2734 intringere
503 2663 582 2719 dicta
597 2663 669 2719 eius.
712 2664 759 2720 De
774 2666 859 2721 modo
875 2663 990 2730 lucaris,

113 2771 142 2823 et
156 2765 299 2820 adversus
322 2761 475 2818 lasciviam
496 2762 646 2826 lautorum,
669 2765 759 2820 multa
778 2765 988 2820 decernuntur:

113 2883 151 2922 ex
165 2864 231 2938 quis
248 2861 376 2918 maxime
392 2859 533 2934 insignia:
555 2867 612 2920 ‘ne
626 2864 727 2920 domus
748 2861 989 2935 pantomimorum

140 3018 252 3066 Achiam
271 3031 297 3062 aa
314 3014 477 3076 Macedoniam]
511 3015 619 3063 Achaiam
635 3018 695 3078 quod
714 3016 756 3073 ait,
776 3017 851 3078 capies
867 3014 989 3063 Graeciam

113 3083 183 3126 totam
196 3098 201 3124 :
218 3092 259 3123 nee
268 3075 328 3122 enim
339 3075 407 3120 aliter
417 3078 469 3119 tune
480 3075 626 3136 appellabant
635 3075 739 3123 Romani.
771 3076 833 3134 Lips.

142 3156 252 3204 Demade
267 3153 363 3214 lucaris]
396 3152 477 3208 Lucas,
496 3169 578 3205 meroes
597 3155 745 3201 histrionum:
760 3169 774 3201 a
792 3154 855 3211 lueis,
874 3153 912 3215 qui
923 3153 989 3199 multi

113 3217 172 3266 eirca
181 3215 268 3272 urbem,
279 3227 374 3276 quorum
386 3211 470 3258 reditus
480 3213 585 3261 destinati
596 3215 624 3260 ad
635 3215 706 3260 ludos.

143 3295 178 3342 Νι
188 3295 262 3341 donus
279 3291 473 3352 pantomimorum]
505 3293 615 3352 Magnum
625 3292 729 3346 studium,
740 3299 765 3337 ut
782 3293 858 3343 video,
876 3292 990 3358 Romano:

115 3369 161 3402 runr
182 3355 206 3399 in
227 3355 267 3400 has
288 3366 357 3408 nugas
377 3350 497 3408 hominurn,
514 3353 560 3399 imo
577 3353 645 3398 lusor.
686 3351 804 3397 Vestibula
820 3362 905 3401 eorum,
925 3361 991 3406 quan,

115 3413 247 3474 principum,
270 3407 484 3471 frequentabantur:
513 3411 668 3455 adtraerebant
692 3408 824 3464 egressibus,
844 3417 888 3448 non
911 3405 993 3459 vulgus

116 3473 189 3531 nodo,
199 3473 241 3519 sed
250 3471 327 3532 sque
337 3471 483 3528 Secutusque.
515 3468 577 3527 urps.
