2164 3846
93 202 166 272 244
407 219 592 278 anunurvar
816 233 847 280 r.
863 229 893 280 v,
910 233 964 280 τω,

7 316 211 537 ψζοοςιιίίυ
237 379 395 450 obvenere,
425 399 596 460 quamquam
618 384 657 442 ab
682 382 749 443 aliis
769 383 961 444 incelebrata.

94 477 173 536 Nam
186 495 222 536 ea
236 483 417 554 tempestate,
430 501 485 557 qua
498 484 600 541 Seiani
610 484 770 542 amicitiam
782 485 875 542 ceteri
888 485 963 544 talso

93 583 245 647 exuerant,
258 595 343 638 ausus
366 585 410 638 est
421 581 517 656 Eques
533 583 689 651 Romanus,
704 583 748 642 M.
792 584 961 654 Terentius,

92 680 132 736 ob
151 677 181 736 id
208 695 283 746 reus,
306 680 503 752 amplectier]
525 683 604 740 hunc
628 684 745 742 modum
770 685 847 756 apud
870 685 961 740 Senn-

94 779 156 837 tum
169 777 322 836 orrlieodo:
345 780 513 838 ‘Fortunae
534 779 651 856 quidem
666 799 749 839 meae
770 783 892 839 tortasse
907 781 960 840 mi-

94 883 166 938 ‘uua
175 879 323 953 expediat,
334 881 511 956 adgnoscere
522 881 643 949 crinaeu,
654 898 740 956 quam
751 883 888 939 abnuere.
897 881 962 948 sed,

95 983 259 1054 ‘utcunque
272 995 373 1038 casura
387 997 431 1036 res
445 986 499 1046 eat,
512 979 631 1048 fatebor,
643 986 672 1038 et
686 980 773 1038 luisse
788 961 838 1038 me
851 980 963 1038 Seiano

93 1077 250 1146 ‘aminoen
263 1083 303 1148 et,
317 1084 347 1136 ut
361 1095 463 1146 essem,
484 1080 640 1152 expetisse,
653 1083 693 1147 et,
707 1087 858 1154 postquam
874 1080 961 1152 adep-

96 1180 160 1236 ‘tur
175 1194 263 1246 eram,
282 1180 428 1238 laetatum.
469 1178 611 1236 Videram
630 1179 783 1253 conlegam
807 1179 898 1251 patris
919 1195 961 1236 re·

94 1277 216 1352 ‘gandia
231 1277 386 1336 Praetoriia
399 1277 582 1348 cohortibus:
602 1295 671 1336 mox
692 1277 770 1336 urbis
785 1282 814 1334 et
837 1277 961 1337 militiae

94 1375 213 1436 ‘mania
233 1376 319 1436 simul
341 1379 504 1436 abeuntem.
524 1378 602 1436 lilius
629 1377 780 1452 propinqui
794 1383 825 1434 et
848 1377 960 1434 adfines

94 1473 268 1536 ‘honoribus
291 1478 483 1551 augebantur:
508 1477 678 1554 utquisque
701 1475 810 1536 Seiano
831 1475 961 1544 intimus,

94 1571 156 1632 ‘ita
176 1574 214 1632 nrl
234 1573 369 1634 Caesaris
394 1575 554 1636 amicitiam
573 1575 705 1634 validus:
725 1581 838 1645 contra,
858 1576 961 1652 quibua

93 1672 240 1732 ‘intensus
254 1679 340 1743 esset,
354 1680 432 1734 metu
445 1691 480 1734 ac
495 1675 624 1734 sordibus
638 1675 891 1750 conflictabantur,
905 1688 960 1734 nec

94 1779 284 1848 ‘quemquam
298 1776 434 1848 exemplo
453 1775 588 1832 adsumo:
609 1780 740 1842 cunctos,
764 1773 813 1849 qui
838 1774 961 1832 novissi

93 1871 153 1929 ‘mi
166 1872 284 1930 consilii
307 1878 442 1946 expertes
462 1872 574 1944 luimus,
596 1891 663 1932 meo
682 1873 769 1931 unius
789 1872 960 1930 discrimino

92 1969 272 2028 ‘delendam
314 1972 383 2030 Nou
403 1970 482 2030 enim
503 1973 642 2032 Seianum
660 1971 893 2038 Vulsiniensem,
909 1973 963 2028 sed

93 2069 254 2130 ‘Claudiae
281 2076 311 2128 et
338 2071 432 2130 Iuliae
450 2073 552 2151 domus
575 2077 695 2146 partem,
716 2089 789 2147 quas
807 2071 959 2152 adfinitate

93 2176 318 2246 ‘occupaverat
332 2176 420 2240 tuum,
435 2172 553 2240 Caesar,
566 2189 713 2245 generum,
728 2171 769 2228 tui
784 2172 960 2229 Consulatus

94 2271 231 2340 ‘socium
253 2276 302 2330 tua
315 2270 410 2329 officia
422 2271 454 2329 in
470 2271 593 2344 Republ.
614 2275 825 2344 capessentem,
845 2270 960 2328 coleba-

94 2378 186 2430 ‘mus
226 2371 296 2430 Nou
310 2374 354 2428 est
368 2345 506 2438 nostruin,
521 2369 683 2438 aestimare,
707 2387 792 2444 quern
814 2385 902 2444 supra
914 2387 960 2426 ce-

95 2474 197 2538 ‘teros,
216 2474 247 2528 et
260 2469 362 2544 quibus
380 2469 418 2526 de
431 2468 540 2526 caussis
555 2471 688 2527 extollas.
730 2468 803 2526 'l'ibi
818 2485 960 2526 summum

94 2587 208 2630 ‘rerum
227 2569 367 2630 iudicium
388 2569 441 2626 Dii
465 2569 587 2628 dedere:
608 2567 691 2630 uobis
714 2567 845 2640 obsequii
870 2567 962 2641 gloria

94 2665 214 2728 ‘relicta
228 2671 282 2724 est.
324 2666 496 2738 Spectamus
510 2681 602 2737 porro,
613 2680 686 2740 quae
697 2681 794 2721 eoram
808 2663 960 2734 habentur,

94 2768 161 2827 ‘oui
175 2785 213 2824 ex
238 2771 268 2824 te
287 2783 367 2839 opes,
382 2767 514 2832 honores,
535 2763 597 2838 quis
620 2761 743 2836 plurima
764 2763 887 2822 iuvandi
907 2780 961 2834 ‚uo-

94 2865 239 2928 ‘oeudive
263 2865 410 2938 potentia:
431 2881 505 2939 quae
530 2862 639 2922 Seiano
652 2860 749 2929 tuisse,
763 2879 851 2920 nemo
875 2879 963 2938 nega-

93 2965 200 3023 ‘verit
221 2965 334 3032 abditos
349 2957 495 3036 Principis
516 2979 626 3029 sensus,
639 2966 670 3018 el
689 2961 715 3018 si
736 2960 803 3036 quid
818 2961 962 3019 occultius

93 3068 199 3138 ‘parat
214 3061 375 3136 exquirere,
398 3060 554 3129 inlicitum,
578 3077 780 3134 auceps:.nec
794 3060 863 3116 ideo
883 3061 964 3118 adse·

92 3178 207 3236 square.
249 3161 307 3224 Ne,
322 3159 355 3214 P.
371 3157 406 3214 C.
422 3157 554 3216 ultimum
580 3159 681 3216 Seiani
705 3159 794 3226 diem,
806 3159 858 3215 sed
884 3161 966 3217 sede-

92 3243 170 3318 ‘cim
184 3273 276 3315 anuos
290 3255 499 3328 cogitaveritis.
521 3257 611 3314 etiam
627 3256 754 3314 Satrium
768 3262 854 3331 atque
881 3259 967 3316 Pom-

92 3357 230 3428 ‘ponium
242 3353 466 3410 venerabamur:
489 3352 600 3410 libertis
614 3371 727 3427 quoque
740 3371 776 3412 ac
790 3355 967 3416 ianitoribus
991 3429 994 3438 1

94 3451 172 3513 ‘eius
195 3459 355 3518 notescere,
379 3465 430 3521 pro
453 3449 609 3524 magnifico
633 3452 840 3526 accipiebatur.
887 3455 967 3532 Quid
