2166 3834
85 169 155 236 llo
404 187 589 238 snnsurvu
809 195 836 240 s.
849 191 884 246 u.
900 196 953 242 nn
1056 149 1057 202 i

80 359 210 417 regnum,
236 341 441 416 ostentabatur.
469 344 521 399 sed
546 359 606 400 non
632 341 763 400 excessit
785 343 876 402 ltalia
900 363 952 418 per

79 440 283 514 duodeviginti
297 457 405 509 annos3
425 440 647 516 consenuitque,
661 443 783 498 multum
798 443 955 501 imminuta

77 541 223 606 claritate,
241 541 280 596 ob
302 539 420 596 nimiam
437 539 560 596 vivendi
577 539 754 612 cupidinem.
797 541 882 600 ldem
898 542 957 598 ea.
1056 525 1057 550 ³

78 640 195 696 tualdae
220 653 312 704 casus,
335 654 429 710 neque
452 637 530 694 aliud
559 637 728 712 perfugium.
750 641 849 712 pulsus
876 640 953 698 haud
1056 689 1057 714 ,

78 738 170 794 multo
184 740 249 809 post
270 735 534 792 Hermundurorum
548 735 660 808 opibus,
681 742 712 792 ct
727 735 842 793 Vibilio
856 739 953 795 duce:

78 839 277 908 receptusque,
289 833 730 900 Forumlulium,Narboneusis
742 834 861 892 Galliae
873 838 954 892 eolo·

78 933 168 998 niam,
183 932 314 990 mittitur.
356 930 478 988 Barbari
490 938 642 1006 utrumque
655 930 798 998 comitati,
819 951 858 989 ne
873 934 954 1008 quie·
1056 965 1057 1022 ἰ

78 1030 312 1104 improvinciae
335 1029 461 1086 immixti
490 1022 648 1096 turbarent,
673 1030 844 1087 Danubium
868 1035 954 1100 ultra,
1056 1027 1057 1052 ¹

78 1130 157 1187 iuter
170 1117 288 1186 tlumiaa
303 1127 419 1185 Marum
437 1133 466 1183 et
486 1127 603 1196 Cusum,
625 1129 768 1196 locantur,
782 1128 854 1185 dcto
869 1129 954 1203 Rege

25 1225 69 1282 64
81 1229 211 1295 Vannio,
223 1228 320 1302 gentis
342 1228 516 1298 Quadorum.
569 1226 662 1284 Simul
678 1227 827 1292 nunciato,
841 1227 951 1302 Regem

79 1327 232 1384 Artaxiam
255 1323 397 1382 Ammnir's
424 1341 443 1380 a
468 1322 635 1380 demonico
661 1323 767 1392 dotum
788 1327 953 1384 decrevere

79 1424 191 1490 Patres,
210 1427 242 1478 ut
261 1420 450 1479 &monnicae
476 1427 558 1498 alque
583 1422 701 1480 Drunrs
722 1429 833 1480 mardes
854 1423 954 1481 urbem
1056 1483 1057 1500 χ

78 1519 234 1578 introirent.
246 1523 347 1576 structi
359 1523 389 1576 et
404 1537 487 1577 arcus
501 1522 611 1578 circum
627 1523 717 1578 latera
730 1523 833 1594 templi
842 1503 953 1594 Martis

78 1619 203 1684 Vltoris,
213 1635 279 1676 cum
291 1617 386 1692 effigie
401 1619 577 1676 Caesarum:
599 1619 719 1676 laetiore
735 1620 871 1688 Tiberio,
884 1622 955 1695 quia

78 1735 183 1792 pacem
197 1717 341 1790 sapientia
355 1717 528 1782 firmaverat,
542 1734 628 1790 quam
642 1717 667 1773 si
683 1719 790 1774 bellum
806 1736 859 1790 per
872 1721 954 1776 acies

78 1815 264 1875 coniecisset.
308 1815 399 1890 Igitur
427 1815 628 1888 Rhescuporis
653 1833 775 1890 quoque,
800 1817 954 1874 'l'hraciae

80 1916 203 1990 Regem,
229 1921 293 1973 astu
324 1914 497 1988 adgreditur.
539 1915 664 1972 Omnem
698 1931 765 1976 eam
799 1915 953 1974 nationem
1056 1989 1057 1998 ἵ

25 2053 27 2056 -
80 2015 306 2072 Rhoemetalces
321 2018 467 2070 tenuerat:
493 2029 550 2085 quo
563 2012 712 2079 defuncto,
728 2015 878 2086 Augustus
893 2031 956 2086 par·
1056 2041 1057 2096 3

80 2120 141 2171 tem
156 2113 306 2171 Thracum
329 2109 550 2183 Rhescuporidi,
572 2109 651 2166 lratri
673 2111 744 2176 eius,
763 2118 878 2184 partem
891 2113 955 2170 lilio
1056 2119 1057 2124 ’

80 2212 173 2286 Cotyi
199 2211 337 2286 permisit.
379 2211 414 2266 ln
438 2225 474 2264 ea
495 2207 642 2264 divisione
665 2226 736 2264 arva
759 2215 790 2265 et
813 2213 899 2266 urbes
920 2218 953 2269 et
989 2265 995 2270 .

80 2311 183 2370 vicina
192 2310 314 2370 Graecis
325 2307 432 2381 Cotyi3
453 2308 528 2380 quod
540 2306 792 2375 incultum,t'erox,
803 2309 955 2368 adnexum
986 2328 988 2332 ·
1056 2379 1057 2384 ἵ

80 2409 221 2477 hostibus,
249 2405 459 2479 Rhescuporidi
486 2399 592 2462 cessit:
627 2405 808 2480 ipsorumque
837 2406 955 2480 Regum
1056 2391 1057 2456 l

80 2507 210 2580 ingenia,
224 2507 267 2562 illi
282 2505 352 2561 mite
367 2510 397 2560 et
417 2520 580 2568 amoenum,
594 2501 662 2559 huic
677 2510 772 2569 atrox,
786 2505 909 2562 avidum
924 2509 956 2563 et
1056 2489 1057 2532 1

78 2603 230 2660 societatis
255 2602 409 2674 impatiens
434 2606 505 2658 erat.
548 2601 606 2657 Sed
628 2601 720 2673 primo
740 2603 862 2658 subdola
883 2621 956 2662 cen·
1056 2595 1057 2600 ἵ

79 2702 179 2760 cordia
193 2717 297 2774 egere:
318 2715 385 2756 mox
406 2699 600 2771 Rhescuporis
619 2699 718 2772 egredi
736 2701 818 2768 fines,
833 2709 953 2761 vertere

79 2800 111 2857 in
125 2817 157 2856 se
169 2798 259 2870 Cotyi
273 2798 349 2866 data,
361 2803 390 2853 et
405 2797 552 2853 resistenti
564 2799 627 2874 ¹vim
642 2798 755 2867 lacere3
776 2806 956 2860 cunctanter

78 2899 289 2970 sub-Augusto,
304 2912 389 2968 quem
403 2901 551 2951 auctorem
566 2896 710 2968 utriusque
725 2897 818 2970 regni,
832 2899 859 2954 si
873 2917 954 2972 sper·¹

79 3003 205 3062 necetur,
221 2995 367 3052 vindicem
388 2998 543 3053 metuebat.
562 2995 723 3060 enimvero,
744 2999 845 3055 audita
859 3008 956 3068 muta-⁸

79 3093 160 3149 tione
183 3092 336 3162 Principis,
358 3085 517 3146 immittere
537 3095 679 3150 latronum
701 3097 812 3168 globos,
833 3100 955 3164 exscin-

25 3193 68 3252 65
80 3191 148 3247 dere
162 3189 292 3250 castella,
312 3205 428 3243 caussas
446 3189 532 3244 bello.
575 3191 657 3246 Nihil
681 3210 773 3266 aeque
793 3193 955 3258 Tiberium

78 3288 201 3344 annium
226 3270 360 3350 habebnt,
387 3301 482 3356 quam,
509 3302 546 3340 ne
570 3291 732 3359 composita
757 3287 953 3354 turbarentuis

107 3436 171 3483 Cum
183 3433 395 3496 ffgiedasscrsm]
423 3433 554 3482 Germanici
563 3439 587 3484 et
597 3435 673 3485 Drusi.
689 3439 766 3498 0Lr'pr.
