2186 3850
103 259 133 308 a
148 257 178 306 c.
194 260 233 306 rc.
331 254 401 304 nra.
428 254 490 304 xu.
533 251 610 302 oar.
629 217 803 304 tr.'-·-49.
905 239 976 306 33³

103 411 228 470 vincula
251 408 436 478 admovebat,
460 409 607 469 decidisse
630 410 779 478 rimulam,
802 425 898 486 genua
921 411 977 470 lili·

105 510 243 569 tlrridatia
272 510 398 579 invadit,
430 511 582 587 ipsumque
615 511 791 585 prosternit:
826 511 978 587 simulque,

104 626 249 668 concursu
274 610 407 684 plurium,
431 610 601 668 inliciuntur
626 617 760 678 catenae,
783 627 818 669 ac
835 611 978 685 compede

103 705 196 786 (quod
209 709 387 766 dedecorum
406 709 550 786 barbaria)
568 711 752 768 trahebatur:
776 727 901 785 moxque
915 711 979 768 vnl-

103 825 169 881 gur,
183 809 256 866 doro
269 807 392 880 irnperio
411 808 551 876 habitum,
572 811 674 882 probra
693 811 865 868 reverbare
883 808 977 866 intem

101 908 196 965 tabat.
238 907 278 964 Et
297 912 380 964 eraut
405 913 518 976 contra,
541 909 590 984 qui
614 913 724 966 tantam
749 909 881 966 fortunae
899 923 978 966 conr-

106 1004 300 1063 mutationem
327 1005 539 1078 miserarentur.
593 1009 757 1082 Secutaque
784 1025 851 1066 cum
879 1007 976 1081 parvie

104 1103 207 1162 liberie
220 1105 350 1162 coniunx
364 1111 472 1164 cuncta
486 1107 694 1164 lamentatione
707 1109 881 1179 complebat.
923 1105 976 1164 Di·

105 1203 200 1260 varaia
220 1210 251 1260 et
265 1205 409 1262 contectis
431 1205 576 1263 vehiculis
597 1207 748 1274 abduntur,
767 1207 835 1262 dum
856 1205 976 1264 Pharao·

106 1302 202 1360 mania
222 1303 300 1360 iuaaa
316 1304 543 1378 exquirerentur.
585 1304 634 1362 llli
654 1303 761 1377 cupido
780 1303 875 1376 Regni
889 1303 976 1360 tratre

105 1405 136 1458 et
155 1401 217 1458 tilia
244 1402 346 1476 potior,
374 1404 544 1479 animusque
571 1403 732 1462 sceleribus
752 1407 876 1477 paretur.
899 1401 976 1460 virui

106 1504 206 1558 tamen
220 1502 376 1566 coneuluit,
391 1521 428 1560 ne
442 1519 540 1560 coram
561 1503 802 1561 interficerentur.
845 1503 884 1560 Et
899 1502 975 1560 Rbe-

104 1599 256 1666 damistur,
270 1601 351 1676 quari
371 1602 558 1660 iurisiurandi
576 1619 695 1670 memor,
715 1619 773 1662 non
788 1603 901 1670 sermm,
916 1619 975 1660 non

103 1715 255 1758 venenum
269 1701 300 1759 in
322 1719 448 1760 sororem
468 1709 499 1760 et
520 1710 651 1778 patruum
665 1703 827 1778 expromlt3
847 1705 898 1761 aed
912 1719 975 1780 pro·
1083 1747 1084 1752 η

101 1797 198 1886 iectus
219 1800 249 1858 in
271 1801 398 1870 humum,
420 1807 451 1860 et
478 1807 562 1860 reete
585 1805 674 1861 multa
698 1804 838 1878 gravique
858 1808 980 1883 operior

101 1907 202 1988 necat.
244 1887 316 1959 Filii
335 1896 448 1978 qnoque
467 1885 659 1969 Mithridatia,
678 1889 753 1978 ntrod
762 1886 908 1962 caedibus
927 1919 975 1974 pa·

100 2006 219 2060 rentum
246 2000 524 2075 inlacryuraverant,
552 2001 688 2060 tmcidati
715 2005 791 2060 runt.
835 2003 876 2060 At
899 2001 1027 2080 Quo-48

101 2101 202 2158 drutus
217 2117 398 2174 cognoscens
413 2101 557 2174 proditum
579 2099 781 2167 Mithridaten,
796 2102 826 2157 et
840 2099 975 2174 Regnum
1083 2105 1084 2108 ’

102 2200 142 2254 ab
164 2197 397 2257 intertectoribus
424 2199 560 2268 obtineri,
588 2204 676 2256 vocat
699 2198 863 2265 concilium,
887 2201 975 2259 docet

102 2295 182 2362 acta,
209 2303 249 2363 et,
276 2315 314 2355 an
339 2298 536 2368 ulcisceretur,
550 2299 713 2356 consultat.
755 2297 862 2356 Paucis
883 2299 974 2358 decue

102 2396 253 2470 pubiicum
267 2415 369 2456 curae:
398 2399 494 2471 pluree
513 2403 573 2454 tuta
593 2397 755 2454 diraemnt:
784 2397 899 2455 ‘Omne
913 2415 973 2456 roe·

102 2497 168 2552 ‘lna
184 2501 338 2555 externum
351 2513 419 2554 cum
438 2495 549 2554 laetitia
569 2495 743 2553 habendum.
758 2497 870 2554 remica
884 2495 974 2556 etiam

101 2595 256 2652 ‘odiorum
269 2579 414 2660 iacienda,
433 2601 464 2652 ut
482 2611 570 2667 caepe
585 2595 737 2668 Principes
759 2594 884 2652 Romani
896 2611 973 2654 eanr-

101 2699 192 2755 ‘dem
205 2694 388 2763 Armeniam,
408 2694 507 2767 specie
522 2693 691 2767 largitionis,
712 2694 860 2752 turbandis
875 2696 973 2753 barba·

100 2803 222 2854 ‘rorum
242 2793 348 2850 animle
368 2793 561 2866 praebuerint.
603 2793 747 2850 Potiretur
766 2794 973 2852 Rhadamirtua

101 2897 200 2954 ‘male
215 2893 313 2967 partie,
327 2893 395 2950 dum
409 2891 532 2956 invisus,
553 2890 686 2948 infamia:
707 2894 865 2967 quandoid
880 2895 973 2968 magt·

102 3001 162 3052 ‘ex
178 3011 239 3058 unu,
250 3007 335 3065 quam
349 2991 375 3047 ei
389 3007 455 3048 cum
471 2989 561 3064 gloria
575 2992 696 3063 adeptus
709 2991 803 3050 toret.’
844 2994 879 3050 lu
895 2994 972 3050 itanc
1081 2981 1084 2988 ’

101 3091 279 3150 senteutiam
298 3090 380 3146 itum.
422 3090 470 3146 Ne
491 3096 587 3146 tamen
608 3091 743 3147 adnulree
757 3091 877 3148 facinori
894 3091 973 3146 vide·

101 3195 211 3254 rentur,
224 3196 253 3246 et
267 3189 385 3246 diversa
400 3189 509 3246 anaar
530 3187 719 3261 praeciperet,
741 3189 822 3246 mirri
839 3188 876 3245 ad
898 3187 972 3244 Pha·
1078 3225 1081 3230 -

101 3305 257 3348 raemanen
271 3287 377 3354 nuntii,
401 3293 448 3344 ‘ut
463 3289 634 3345 abscederet
654 3305 672 3344 a
693 3288 797 3345 bulbul
814 3283 971 3353 Armeniis,

101 3388 267 3460 ‘filiumque
286 3383 482 3444 abstraheret-⁹
524 3385 594 3444 Erat
616 3385 821 3457 Cappadociae
836 3383 972 3439 Pronum.
982 3399 1023 3459 49
1083 3405 1084 3458 3

103 3489 148 3544 tor
167 3485 259 3546 lutino
279 3484 430 3560 Pelignus,
451 3484 553 3560 ignavi
572 3483 673 3553 animi,
692 3487 723 3546 et
735 3480 982 3552 deritliculucomv
1083 3475 1084 3551 l
