2164 3846
105 259 139 308 a.
155 256 184 306 c.
199 259 237 305 aa
354 253 424 304 um
441 253 489 302 rr.
531 251 610 300 cae.
628 232 795 300 Sos-32.
904 229 978 301 259

149 405 547 477 coaetaneorum
573 416 656 466 caes.
683 407 797 466 nobiles
822 405 924 465 Parthi
947 406 979 464 iu
989 407 1028 468 31

106 511 216 568 unbem
250 525 368 565 venere.
392 507 498 582 ignaro
529 509 598 582 rege
624 505 786 564 Artabano.
835 505 876 573 ia,
901 511 981 564 metu

108 607 289 668 Germanici
312 608 386 665 fidus
410 607 559 675 Romanis,
586 607 746 682 aequabitis
766 607 802 663 iu
817 621 892 675 suos,
912 623 983 665 mox

107 707 280 780 sueoniam
300 706 332 764 iu
352 723 414 774 nos,
438 705 595 763 saevitiam
616 706 648 763 in
672 707 824 780 poputaree
843 705 983 778 eumpeit3

107 807 204 864 i'retus
216 806 312 870 beitia,
321 821 395 902 quae
409 805 538 862 secunda
552 805 704 862 maenum
717 804 921 862 circumiectae
935 819 984 862 ua·

106 907 212 966 tiones
226 908 406 984 exercuerat,
420 910 449 960 et
464 907 645 960 senectutem
655 903 779 968 Tiberii,
788 910 824 961 ut·
832 905 983 972 inermem,

109 1003 291 1077 despiciens,
308 1003 468 1077 avidusque
484 1001 652 1070 Armeniae,
671 1001 730 1068 cui,
749 1003 887 1060 defuncto
901 1002 984 1076 Rege

111 1103 253 1168 Artaxia,
283 1104 425 1168 Arsacen,
455 1100 612 1158 liberorum
643 1117 760 1158 auomm
787 1101 984 1168 veterrimum,

112 1200 255 1275 inposuit,
278 1200 377 1256 addita
404 1198 644 1264 contumetiam
672 1199 777 1264 missia,
801 1199 850 1274 qui
869 1208 985 1274 gnatam,

114 1315 137 1357 a
173 1297 290 1355 Voamae
318 1295 446 1355 relictum
476 1297 509 1354 ia
541 1295 627 1374 Syrio
659 1295 822 1374 Ciliciaque,
853 1313 986 1371 reposce·

115 1403 192 1468 reat,
220 1397 307 1454 simut
338 1403 441 1454 setene
472 1395 629 1454 Peraonua
655 1411 691 1454 cc
723 1394 907 1456 Macedonum
932 1404 986 1456 ter·

116 1496 219 1564 armos,
252 1513 340 1571 seque
382 1495 547 1553 inausumm
581 1511 712 1568 possessu
744 1495 829 1574 Cyro,
860 1503 887 1554 et
921 1503 986 1574 pest

115 1593 290 1662 noemma,
328 1612 380 1668 per
413 1595 662 1668 vaniloquentiam
696 1609 732 1652 ac
766 1595 860 1654 minae
897 1595 986 1654 iacie-

117 1697 179 1753 bat.
222 1681 283 1752 Seri
299 1691 415 1751 Parthia
436 1691 571 1751 mittendi
592 1697 722 1750 secretos
739 1693 855 1752 nuutios
869 1694 987 1752 validis·

118 1793 209 1876 aimus
227 1795 330 1849 auctor
349 1791 404 1849 init
425 1791 579 1859 Sinnaces,
600 1791 710 1867 insigni
729 1793 850 1860 familia,
869 1811 904 1852 ac
916 1773 987 1868 iper·

119 1893 191 1951 inite
217 1891 331 1965 ombus,
363 1895 395 1948 et
421 1889 569 1964 proximus
598 1891 666 1948 huic
694 1891 805 1959 Abdus,
832 1893 987 1966 ademptae

119 1991 280 2050 virilitatis.
305 2005 364 2047 non
386 1990 557 2062 despectum
581 1987 613 2046 id
639 1991 716 2062 apud
737 1991 881 2056 barbaros,
901 1993 988 2048 uitro·

118 2107 175 2166 que
199 2089 360 2163 potentiam
383 2088 481 2146 habet.
521 2087 557 2155 li,
578 2087 698 2145 adscitis
719 2093 750 2146 et
770 2088 837 2150 aaa
860 2087 987 2161 pnmori-

120 2191 184 2258 bue,
197 2187 265 2263 quia
279 2187 427 2244 nemiuem
448 2185 543 2262 gentis
570 2187 775 2244 Arsacidarum
795 2203 925 2243 summae
944 2187 988 2246 rei

120 2287 265 2360 inponere
293 2290 434 2359 poteraut,
455 2285 615 2343 interiectis
638 2286 675 2341 ab
712 2285 863 2342 Artabano
889 2285 988 2358 pieria·

121 2387 187 2462 qa'e
202 2389 253 2442 aut
273 2385 400 2442 noudum
428 2385 544 2449 adultis,
568 2384 746 2451 Phrahaten,
780 2383 870 2456 Regia
900 2384 988 2442 Phra·

121 2483 200 2540 hatis
224 2481 324 2545 fitium,
345 2481 437 2538 Roma
460 2483 637 2554 poscebant:
657 2481 811 2538 ‘Nomine
833 2485 945 2538 tautum
958 2485 990 2538 et

121 2585 130 2615 ‘
144 2587 265 2637 auctore
278 2595 359 2653 opus,
372 2584 404 2636 ut
416 2584 519 2651 sponte
534 2579 679 2648 Caesarie,
700 2584 732 2637 ut
744 2597 835 2654 genus
860 2579 990 2649 Arsacia,

120 2679 237 2750 ‘ripam
256 2675 330 2750 apud
345 2677 501 2750 Euphratis
525 2677 712 2735 cerneretur?
731 2678 870 2752 (inuitum
884 2679 915 2738 id
937 2680 989 2738 Τὶ·
1000 2685 1043 2746 32

123 2777 214 2835 beria.
246 2783 330 2832 ornat
357 2775 534 2844 Phrahaten,
563 2777 749 2852 accingitque
782 2786 933 2850 paternum
953 2781 991 2837 ad

121 2875 288 2948 fastigium:
317 2874 462 2930 destinata
493 2873 630 2942 retinens,
650 2875 781 2934 consitiis
801 2883 830 2935 et
861 2885 924 2936 astu
945 2897 992 2936 rea

2 2993 3 3004 ¹
124 2965 263 3032 cateruas
284 2971 387 3036 metiri,
407 2988 487 3028 arma
507 2974 606 3044 procui
626 2974 743 3032 habere.
785 2977 911 3044 iuterea,
925 2993 992 3050 cog·

122 3073 193 3132 uitis
212 3071 338 3138 insidiis,
371 3073 535 3128 Artabanus
566 3072 673 3129 tardari
706 3079 795 3141 metu,
824 3077 912 3132 modo
943 3092 992 3132 cu·

123 3171 225 3246 uictine
239 3168 391 3227 vindictae
415 3169 607 3227 inardescere.
629 3176 658 3227 et
685 3171 813 3230 curuans
833 3173 993 3238 cunetatio,

123 3269 258 3327 servitis:
293 3268 392 3326 atatim
416 3268 546 3343 exsequi,
573 3268 697 3342 Regium
726 3263 847 3326 videtur.
890 3267 993 3324 Vetuit

2 3417 6 3443 q
124 3371 224 3424 tamen
245 3365 428 3430 utititaa,·ut
462 3367 587 3426 Abdum,
606 3365 706 3437 specie
739 3365 887 3419 amicitiae
908 3379 994 3418 voca-

2 3478 6 3551 J
126 3469 187 3524 tum
208 3467 246 3524 ad
266 3465 376 3540 epulas,
404 3467 486 3531 teuto
506 3480 623 3524 veneno
652 3463 804 3534 iutigaret3
844 3454 994 3516 Sinnacen
