2166 3834
75 229 145 298 172
256 277 260 286 -
396 251 580 304 auulsum
604 247 611 288 -“
694 265 699 286 2
796 253 948 303 surra.

71 401 150 482 opud
169 401 308 463 mmmm
328 403 455 483 Pompeii
475 405 627 464 locaretur.'
648 423 743 482 neque
765 408 858 464 multo
882 407 952 480 post

73 505 190 576 Caesar,
204 523 271 564 oum
286 505 401 564 lunium
420 501 567 574 Blaesum,
589 507 796 566 Proconsolem
813 507 947 578 Alricae',

74 604 213 680 triumphi
232 599 395 680 insignibus
419 609 575 674 attolleret,
600 604 668 662 darc
685 603 719 662 ld
734 607 772 678 se,
791 605 876 676 dixit,
896 603 948 663 lto-

22 697 62 758 73
73 701 137 760 ποτὶ
163 701 266 773 Seiani,
290 705 373 761 cuius
398 704 450 762 illo
477 705 640 762 avunculus
664 695 736 762 erat.
780 707 823 762 At
844 703 945 762 tamari

72 819 118 860 res
139 803 238 859 Blaesi
252 804 359 876 dignae
373 803 479 859 decore
498 803 551 860 tali
571 803 658 860 luere.
673 799 740 861 nam
756 795 946 870 Tacfarinas,

72 917 243 976 quamquam
254 903 369 974 saepius
379 903 523 975 depulsus,
535 901 675 974 reparatis
689 919 741 974 per
750 901 854 957 intima
868 899 947 958 Airi-

73 1017 127 1058 cae
140 999 269 1068 auxiliis,
290 1002 345 1058 lroc
369 999 556 1075 adrogantiae
581 1007 712 1066 veneral,
733 1005 764 1056 ut
783 1001 894 1073 legatos
908 1001 949 1056 ad

75 1099 230 1158 Tiberium
244 1099 380 1168 mitteret,
400 1094 540 1174 sedataque
560 1101 636 1156 altro
648 1096 705 1156 abi
718 1095 799 1174 nt'psoe
811 1093 948 1155 exercitali

72 1215 125 1254 suo
148 1201 315 1271 postularet,
342 1205 392 1256 aut
415 1193 517 1256 bellam
540 1193 733 1273 implicabile
755 1195 948 1282 minitaretur.

74 1297 142 1354 Non
171 1298 244 1354 alias
270 1297 362 1371 magis
390 1315 441 1354 sua
471 1297 631 1372 Populique
657 1297 739 1354 Rom.
754 1291 947 1353 ¹contumelia

73 1393 233 1452 indoluisse
247 1395 405 1454 Caesarem
425 1396 529 1464 lerunt,
549 1413 644 1471 quam,
664 1395 758 1470 ‘quod
772 1395 901 1452 desertor
915 1396 949 1450 ct

73 1493 349 1570 ‘praedo,bostinm
370 1511 450 1552 mors
473 1499 581 1570 ageret.
603 1513 640 1551 ne
662 1495 805 1568 Spartaco
819 1493 948 1568 quidem,

72 1597 160 1666 ‘post
194 1597 238 1649 tot
264 1593 460 1652 consularium
487 1593 667 1652 exercituum
694 1593 795 1650 clades
822 1593 947 1650 inultam

73 1690 207 1758 ‘ltaliam
220 1688 748 1768 urenti,.quamquam·Sertorii'atqus
764 1687 946 1749 Mithridatis

73 1789 263 1863 ‘ingentibus
296 1783 382 1849 bellis
416 1794 527 1851 labaret
560 1791 749 1866 Respublica,
775 1792 885 1858 datum,
913 1793 948 1847 ut

73 1893 183 1960 ‘pacto
209 1888 240 1946 in
265 1889 352 1948 fldem
379 1889 577 1966 acciperetur:
605 1893 721 1960 nedum,
749 1888 946 1963 pulcherrimo

74 1987 202 2061 ‘Populi
224 1984 357 2047 Romani
375 1989 500 2066 fastigio,
523 1991 598 2047 latro
619 1988 793 2047 Tacfarinas
818 2003 891 2061 pace
913 1991 945 2044 et
972 1971 980 1982 ”

74 2079 283 2144 ‘concessione
306 2103 438 2162 ngronrm
461 2085 668 2145 redimeretur!
709 2087 771 2144 Dat
793 2085 945 2160 negotium

74 2183 192 2254 Blaeso,
220 2183 348 2244 ‘cetoros
375 2185 491 2260 quidem
514 2188 551 2244 ad
577 2204 659 2260 spem
682 2184 843 2260 'proliceret
864 2201 945 2242 arms

75 2285 158 2343 ‘sine
185 2301 264 2342 noxa
290 2283 438 2358 ponendi3
471 2281 561 2358 ips'ius
585 2291 684 2342 auteur
711 2283 805 2342 Ducis
830 2299 945 2357 quoquo

23 2377 63 2440 74
74 2390 82 2418 ‘
94 2385 180 2441 modo
192 2381 350 2458 potiretur?
390 2383 429 2441 Et
443 2381 603 2457 receptisa
617 2381 707 2440 venia
721 2381 861 2456 plerique.
874 2399 945 2440 mox

74 2483 230 2540 adversum
258 2487 335 2543 ortes
363 2481 562 2540 Tacfarinatis
589 2483 667 2539 haud
693 2481 829 2539 dissimili
858 2482 946 2540 modo

73 2582 285 2656 belligeratum.
327 2580 483 2656 Nonquia
497 2581 558 2650 ille,
569 2583 669 2638 robore
680 2580 827 2637 exercitus
841 2579 946 2653 impar,
1080 2657 1081 2664 ἵ

73 2679 187 2736 iurandi
202 2679 313 2760 melior,
338 2682 433 2752 plures
460 2699 512 2754 per
535 2682 636 2756 globos
662 2679 827 2736 incursaret
848 2679 947 2736 elude·
972 2737 976 2742 ,
1080 2669 1081 2716 3

74 2784 183 2852 reique,
198 2783 228 2834 et
242 2777 363 2836 insidias
383 2779 469 2836 simul
490 2784 624 2846 tentaret,
644 2783 703 2835 tres
723 2777 865 2844 incessus,
880 2777 946 2834 toti·

6 2883 12 2897 ·
74 2877 141 2932 dem
156 2876 272 2949 agmina
293 2883 436 2950 parantur.
458 2896 496 2934 ex
517 2878 580 2953 quis
602 2877 757 2934 Cornelius
772 2875 876 2950 Scipio
890 2877 947 2934 La·

73 2979 157 3048 gatus
181 2973 311 3047 praefuit,
325 2993 380 3050 quo
404 2977 553 3050 praedatio
566 2976 597 3034 in
612 2965 765 3050 Leptinos,
778 2981 809 3033 et
822 2975 947 3050 suffugia

75 3074 303 3130 Garamantum:
332 3075 391 3130 alio
415 3077 515 3140 latere,
541 3071 577 3132 ne
599 3075 779 3132 Cirtensium
804 3075 872 3148 pagi
894 3075 947 3133 im·

74 3187 152 3242 pune
180 3170 371 3232 traherentur,
405 3171 550 3241 propriam
576 3189 694 3228 manum
721 3173 844 3229 Blaesus
869 3174 946 3234 lilius

11 3339 15 3342 .
73 3268 174 3324 duxit:
195 3266 301 3329 medio,
325 3283 392 3322 cum
415 3267 550 3333 delectis,
573 3271 696 3328 castella
715 3276 745 3326 et
765 3270 945 3329 munitiones
1014 3259 1022 3278 ’

72 3363 188 3420 idoneis
214 3362 287 3419 locis
314 3361 478 3432 imponens,
506 3365 566 3419 dux
597 3365 660 3435 ipse
684 3372 748 3423 arla
774 3372 806 3425 et
828 3368 948 3429 intensa

99 3509 243 3578 Banabasi
260 3510 348 3568 Victus,
357 3515 479 3576 superatus.
497 3510 525 3559 V.
537 3513 598 3572 ειη,
613 3516 631 3561 l.
664 3513 725 3570 Em.
