2186 3850
117 257 149 304 n.
166 253 247 302 ons.
330 249 400 298 mn.
426 248 489 296 xrr.
539 249 616 298 car.
644 228 812 298 tta-65.
913 231 986 303 343
1084 211 1085 216 ¹

115 405 207 478 tlgio·
227 403 368 477 Capitolii
402 420 527 462 examen
561 404 659 476 apium
693 404 821 462 insedit.'
844 405 988 464 Bilormes

113 504 271 584 *hominum
291 509 395 576 partus,
417 511 447 560 et
475 504 535 560 suis
566 503 654 560 letum
674 503 794 568 editum,
813 504 860 560 oui
881 502 988 576 aoeipi·

117 607 197 661 trum
221 617 331 675 ungues
350 601 490 659 inessent.
532 603 745 658 Numerabntur
777 601 854 658 inter
872 605 989 658 ostenta

117 701 287 758 deminutus
315 701 445 780 omnium
465 681 680 774 magistratuum
708 684 857 768 n'umerunr
879 700 988 772 Quaes-

117 803 197 868 tore,
231 799 341 866 Aedili,
372 799 515 865 'l'ribnnm
549 815 583 855 ae
607 798 751 864 Praetore
786 804 816 854 et
851 799 987 871 tlonsule,

117 913 231 974 pannos
259 898 334 954 intra
362 913 477 954 meuses
497 897 652 954 delunotis.
694 882 753 954 snb
780 897 811 954 in
833 899 988 971 praecipuo

117 1012 232 1072 pavore
254 995 426 1067 Agrippina,
446 1013 553 1054 vooem
586 995 712 1061 Claudii,
744 1013 829 1070 quum
850 999 988 1056 temulerr·
1084 1005 1085 1008 ’

118 1100 170 1153 tus
190 1093 415 1172 immensarum
441 1093 505 1161 sibl,
529 1101 560 1152 ut
579 1093 729 1168 coniugum
744 1093 870 1172 flagitio
885 1093 988 1172 ferret,
1084 1149 1085 1154 ,

75 1207 78 1211 ·
119 1192 185 1250 dein
200 1191 323 1269 puniret,
344 1201 484 1258 metuens,
505 1211 591 1268 agere
602 1200 631 1250 et
646 1196 773 1252 oeternre
796 1194 905 1259 statuit,
927 1213 988 1266 per·

118 1291 184 1349 dita
204 1291 281 1363 prius
316 1291 447 1349 Domitia
481 1291 604 1364 Lepida,
637 1291 825 1348 muliebribus
857 1293 985 1351 oaussist

119 1391 189 1466 quia
199 1390 320 1462 Lepide,
331 1390 442 1447 minore
453 1379 584 1448 Antonia
594 1391 703 1478 genita,
713 1393 860 1450 nvuuoulo
876 1393 988 1466 Augu·

119 1492 162 1555 to,
190 1489 371 1563 Agrippinae
389 1491 506 1548 sobrina
527 1489 612 1564 prior,
633 1507 668 1548 ao
693 1493 779 1560 Cnel,
800 1493 896 1552 meriti
916 1494 987 1564 eius,

118 1605 208 1654 soror,
230 1605 328 1661 parem
347 1589 403 1646 sibi
422 1590 626 1648 claritudinem
645 1593 791 1650 credebat.
806 1611 871 1652 neo
887 1595 987 1662 torma,

118 1691 212 1752 aetas,
231 1677 301 1757 opes
322 1689 442 1744 multum
462 1687 623 1757 distabantr
644 1694 674 1746 et
694 1695 814 1766 utraque
839 1693 987 1765 inpudioa,

118 1784 247 1851 intumis,
267 1783 405 1854 violenta,
426 1786 502 1842 baud
530 1786 625 1844 minus
653 1787 733 1846 vitiis
760 1791 986 1860 aemulabantur,
1084 1861 1085 1868 ἵ

118 1899 205 1958 qnam
224 1883 316 1956 siqua
327 1901 365 1940 ex
381 1883 495 1940 tortuna
510 1901 643 1958 prospera
663 1894 846 1958 receperant.
887 1887 986 1947 linim-
1084 1887 1085 1896 ’

116 1999 192 2040 vero
211 1989 359 2039 certamen
391 1983 574 2050 eoerrimnm,
605 1984 694 2041 amita
722 1983 817 2057 potius
837 2001 875 2040 an
895 1993 987 2044 mater
1084 1991 1085 2036 ἓ

116 2083 195 2154 apud
218 2081 365 2138 Neronem
386 2083 576 2154 praevaleret.
631 2082 709 2138 Nam
742 2081 855 2154 Lepida
876 2083 986 2142 blandi·

114 2180 225 2240 mentis
239 2186 268 2238 et
283 2181 481 2255 largitionibus
495 2179 657 2238 iuvenilem
684 2181 812 2238 animum
835 2179 986 2239 devino'ie·

115 2281 177 2344 bat,
192 2279 269 2336 turoi
279 2285 380 2336 eontra
394 2297 429 2336 ae
444 2280 553 2336 minaei
571 2278 742 2352 Agrippina,
756 2295 830 2353 quae
844 2279 904 2336 lilio
916 2281 986 2337 dare

116 2377 286 2449 Imperium,
306 2380 428 2435 tolernre
458 2377 673 2450 imperitantem
703 2377 849 2452 nequibat.
901 2378 1039 2446 Oete-65
1084 2365 1085 2418 i

117 2492 182 2534 rum
202 2476 319 2534 obieeta
339 2482 405 2534 sunt
427 2477 518 2551 ‘quod
540 2475 706 2552 coniugium
733 2475 879 2550 Principis
898 2477 987 2534 devo·
1084 2457 1085 2538 ζ

116 2575 263 2632 ‘tionibus
285 2575 448 2647 petivisset,
482 2576 614 2650 quodque
648 2591 748 2650 parum
774 2574 912 2632 coeroitis
935 2593 987 2649 per

115 2673 306 2732 ‘Calabriam
320 2690 470 2737 servorum
488 2672 661 2747 agminibus,
682 2689 785 2748 paoem
813 2675 917 2732 ltaliae
931 2680 987 2734 tur·
1084 2701 1085 2736 1

146 2825 269 2886 Quaefilio
278 2825 331 2874 dere
340 2827 467 2884 imperinm,
481 2828 574 2873 tolerare
584 2827 746 2884 imperitantem
755 2829 868 2890 nequibat]
898 2827 986 2878 Freine
1084 2821 1085 2824 Ἴ

115 2886 176 2932 hem.
188 2885 314 2932 addendum
334 2886 428 2945 putabat
438 2886 526 2932 nolebat.
559 2887 659 2932 Sednon
678 2887 778 2947 prolecto
792 2889 875 2935 unledai
890 2892 986 2935 tuntum-
1084 2911 1085 2932 l

116 2945 193 3000 modo,
211 2945 294 3006 qnippe
308 2959 365 3004 quae
384 2944 428 2992 iam
447 2945 530 2990 dudum
540 2944 650 2992 dedisset:
666 2947 704 2992 sed
724 2946 892 3004 intelligendum
902 2949 986 3005 quitor.

114 3003 240 3072 Agrippina
250 3017 278 3048 eo
287 3017 355 3063 usque
365 3003 456 3049 valebat
464 3003 487 3049 in
504 3003 624 3064 republica,
635 3017 701 3064 penes
711 3003 837 3060 Claudium,
849 3007 908 3066 apud
919 3021 949 3060 se,
961 3009 987 3051 ut

113 3062 161 3107 tilro
172 3062 290 3122 lmperinm
308 3067 412 3122 pararet:
428 3063 467 3108 sed
477 3077 521 3109 non
533 3067 582 3108 erat
591 3067 637 3108 tarn
647 3065 776 3124 poteusfsui,
786 3071 811 3110 ut
821 3065 928 3110 toleraret
938 3077 987 3124 reg·

113 3124 215 3167 nantem.
246 3119 322 3167 (lenus
332 3120 437 3182 loquendi
458 3121 554 3168 Observ.
565 3125 588 3174 l,
597 3125 619 3176 2,
630 3119 795 3168 illustravimus.
826 3120 895 3166 Grnn

146 3197 354 3256 Qundcnningium
364 3198 489 3260 Principis]
522 3199 547 3245 ld
557 3203 599 3252 est,
615 3199 735 3258 coniugem.
769 3199 836 3253 Nam,
853 3203 878 3243 ul
895 3197 986 3244 Claudii

114 3255 247 3314 coniugium
258 3255 307 3318 ipsa
318 3257 429 3314 ambierit,
441 3272 485 3304 uon
499 3257 589 3304 lectum.
622 3257 697 3304 Abusa
713 3271 766 3316 ergo
776 3257 850 3301 vetitis
862 3255 947 3300 ustibus
957 3256 987 3300 ad

115 3315 238 3378 perniciem
251 3315 391 3376 Agrippinae.
424 3316 459 3363 stc
471 3316 587 3363 seruitium
597 3311 638 3376 pro
647 3331 718 3370 servo,
728 3321 751 3361 et
763 3313 934 3360 matrimonium
945 3327 987 3374 pro

115 3381 227 3429 matrone,
238 3373 292 3420 alibi
303 3375 387 3428 notavi,
397 3379 422 3422 et
432 3375 532 3422 clientela
542 3388 582 3434 pro
592 3373 716 3429 clientibus,
728 3374 750 3419 in
761 3371 848 3418 Tacito.
878 3370 939 3429 Lips.

143 3451 409 3512 Semomrmngminibm]
443 3454 469 3500 ln
484 3467 512 3498 ea
523 3452 636 3500 Domitiae
655 3451 756 3510 Lepidae
772 3450 868 3500 fortuna,
880 3449 987 3510 tantoque

117 3509 180 3560 urbis
190 3509 250 3570 luxu,
265 3515 349 3572 quanta
358 3511 441 3560 luerint
455 3525 568 3560 servorum
577 3509 664 3570 agmine
673 3521 786 3568 possumus
794 3505 911 3552 aestimare
921 3505 986 3554 exc.
