2164 3846
112 235 241 284 sucu
374 231 444 280 cm.
473 231 521 280 vr.
572 232 650 280 cnr.
684 215 715 280 1.
733 216 767 280 2.
908 213 982 284 2³0

177 400 292 442 ωηο
310 399 402 438 asaro.
420 399 448 436 ι.
467 398 602 438 urs-sunto

130 481 134 490 '
179 493 206 528 c.
226 481 498 528 oecumenicum.
518 489 741 528 scarraroarro

178 582 210 628 α,
231 581 363 618 recurro.
383 579 442 616 ccx.
458 579 573 616 narrum

178 671 226 708 ou.
245 669 416 707 scrncosro.
433 671 459 706 c.
480 670 585 706 rouuro
602 669 671 706 coss.

109 820 179 898 Gr.
199 831 351 890 Domitius
365 832 546 890 ethmiilus
563 829 769 890 Scribonianus
793 827 1011 890 Consulatuml

112 943 252 1010 inierant,
267 957 334 999 cum
349 941 467 1008 Cacsar,
483 941 624 1006 tramisso,
639 943 714 1016 quod
730 943 858 1018 Capreas
873 948 903 998 et
919 943 984 999 Sur-

110 1048 225 1100 rentum
262 1035 403 1108 interluit,¹
434 1042 516 1108 l'reto,
561 1041 755 1116 Campaniam
789 1043 984 1116 praelegebat,

108 1142 271 1216 ambiguus,
293 1157 331 1198 arr
353 1142 452 1197 urbem
476 1140 607 1207 intraret,
632 1159 692 1205 seu,
718 1141 785 1214 quia
810 1147 912 1196 contra
934 1141 983 1196 de·

108 1239 438 1322 stinaveratqspeciem
468 1240 581 1295 venturi
607 1240 768 1296 simulans:
790 1247 820 1294 et
841 1257 928 1310 saepe
952 1239 984 1297 in

109 1339 275 1412 propinqua
283 1339 445 1412 degressus,
454 1337 540 1394 aditis
550 1339 632 1398 iuxta
648 1339 782 1395 Tiberim
798 1339 895 1404 bortis,
910 1355 984 1396 saxa

110 1455 219 1495 rursum
234 1445 265 1493 et
279 1437 466 1493 solitudinem
481 1437 567 1494 maris
583 1437 706 1511 repetiit,
723 1440 829 1511 [rudore
840 1441 984 1500 scelerum

111 1541 140 1593 et
164 1520 339 1592 libidinum:
371 1535 473 1610 quibus
488 1537 562 1593 adeo
588 1535 738 1595 indomitis
763 1545 921 1606 oxomensi,
941 1542 982 1605 ut,

110 1651 190 1692 more
206 1635 311 1708 Regio,
335 1635 438 1705 pubem
462 1634 619 1708 ingenuam
633 1635 738 1709 stupris
754 1639 904 1709 pollueret,
926 1654 982 1695 uec

111 1730 232 1790 formum
247 1739 358 1790 tantum
373 1741 402 1790 et
418 1735 524 1791 decora
548 1751 676 1806 corpora,
691 1736 743 1792 sed
759 1735 789 1792 in
811 1737 856 1793 bis
872 1737 983 1794 modes·

109 1838 167 1890 tam
184 1831 347 1906 pueritiam,
361 1833 391 1889 in
407 1833 472 1890 aliis
489 1833 632 1908 imagines
644 1835 792 1900 maiorum,
811 1835 983 1893 incitamen·

109 1938 172 1990 tum
196 1931 344 2005 cupidinis
358 1933 492 1988 babebat.
514 1938 638 2007 tuncque
657 1933 777 2005 primurn
795 1933 895 2006 ignota
914 1938 983 1991 unte

101 2022 258 2090 ¹vocabula
273 2037 385 2103 reperta
409 2037 486 2098 sunt,
499 2028 679 2088 senariorum
693 2038 722 2088 et
736 2030 930 2108 spintriarum,
943 2049 983 2089 ex

108 2129 251 2188 foeditate
274 2129 331 2186 loci
352 2147 388 2186 ac
413 2128 568 2204 multiplici
593 2131 744 2202 patientia.
771 2129 983 2201 praepositique

109 2229 202 2298 servi,
226 2229 274 2302 qui
288 2235 468 2302 quaererent,
492 2221 700 2303 pertraherent,
714 2229 792 2284 dona
815 2227 846 2282 in
872 2243 983 2300 promp-

108 2334 167 2395 tos,
196 2309 290 2385 minas
311 2329 450 2386 adversus
485 2315 664 2386 abnuentes:
708 2325 800 2392 etsi
824 2325 984 2384 retinerent

110 2426 289 2502 propinquus
316 2433 366 2484 aut
393 2445 506 2500 parens,
540 2427 612 2494 vim,
645 2431 752 2498 raptus,
786 2442 893 2499 suaque
927 2425 983 2498 ipsi

108 2527 206 2593 libila,
221 2528 301 2582 vetut
315 2527 347 2584 in
361 2533 471 2599 captos,
485 2527 672 2582 exercebant.
716 2526 754 2582 At
772 2525 893 2590 Rornae,
907 2525 1013 2598 prin-2

106 2624 192 2699 cipio
206 2626 286 2691 enni,
300 2625 381 2699 quasi
397 2641 500 2682 recens
524 2623 650 2697 cognitis
678 2623 784 2680 Liviae
799 2623 925 2698 flagitiis,
946 2641 982 2684 ac

107 2741 172 2782 nou
188 2724 298 2796 pridem
312 2724 401 2780 etiarn
415 2721 533 2796 punitis,
547 2727 659 2779 atroces
671 2723 835 2780 sententiae
845 2723 982 2784 diceban·

107 2830 168 2889 tur,
191 2821 221 2879 in
246 2823 356 2895 elligies
381 2840 492 2897 quoque
514 2837 549 2878 ac
573 2821 741 2878 memoriam
766 2823 837 2888 eius,
859 2832 889 2880 et
908 2823 982 2882 bonu

107 2923 209 2979 Sciurd
223 2919 321 2978 abluto
343 2918 463 2990 mario,
484 2926 515 2976 ut
528 2917 559 2976 in
573 2909 679 2998 fiscum
702 2928 882 2996 cogerentur:
912 2928 982 2983 tarn·

139 3097 186 3144 Cn.
218 3093 343 3156 Domitius]
376 3094 465 3141 Initium
475 3094 531 3140 serti
547 3094 600 3140 libri
616 3093 737 3142 arbitrario
750 3095 786 3142 bic
801 3096 851 3142 iure
869 3097 982 3152 constitui,

106 3173 158 3206 nou
168 3161 238 3202 certo.
271 3155 314 3201 Cui
325 3154 384 3200 euim
402 3153 483 3214 probes
492 3158 577 3200 tantam
588 3153 632 3200 vim
643 3169 723 3208 rerum,
734 3161 839 3217 quantam
851 3155 904 3209 dixi,
916 3155 984 3200 trien·

105 3217 187 3276 niique
196 3219 259 3272 genta
270 3227 315 3260 nna
326 3213 383 3258 libro
392 3227 441 3259 cum
452 3211 591 3270 sequentrbns
601 3212 685 3259 inclusa
693 3215 761 3260 tuisse
770 3213 782 3260 i
798 3212 888 3258 Secrrvi
907 3211 983 3268 igitur,

104 3291 156 3324 non
166 3274 219 3335 quin
229 3275 325 3333 liqueret
335 3271 388 3318 mibi
399 3271 486 3319 initium
501 3273 522 3318 in
542 3271 576 3318 his
593 3271 682 3318 demum
698 3272 770 3318 verbis
787 3271 927 3316 iaciendum:
944 3270 984 3314 sed

102 3335 161 3398 qnia
170 3332 345 3390 magnitudinem
356 3345 434 3391 resque
444 3337 516 3388 gestas
526 3331 660 3380 aestimanti¹
671 3331 704 3374 ita
714 3329 840 3374 ridebatur.
858 3379 863 3390 ¹
876 3323 983 3380 Denique,

22 3405 25 3422 ³
106 3409 134 3441 ur
147 3392 216 3439 scires
226 3391 317 3448 saltem,
327 3389 385 3436 bunc
396 3389 463 3448 vulgo
480 3391 580 3450 quintum
589 3387 671 3434 librum
682 3387 704 3432 in
714 3387 769 3432 duos
778 3395 825 3428 esse
835 3379 983 3456 inbuendum.

106 3453 175 3508 Lips.
