2186 3850
123 231 158 282 a,
173 225 255 278 cst.
354 225 423 276 nm.
441 221 517 275 xttt.
559 205 826 274 ernian-25.
927 201 1000 276 361

124 387 232 443 rantur
266 379 378 440 debinc
403 381 604 438 ‘consensisse
632 381 732 439 Pallas
758 395 795 439 ee
825 381 941 451 Bonae,
969 389 1004 444 nt

125 482 309 550 ‘Cornelius
344 483 437 546 Sulla,
460 482 635 539 claritudine
656 480 772 555 genens
793 484 824 536 et
851 481 1003 542 adfinitate

124 580 285 646 ‘ornarit’
303 581 353 639 cul
376 597 426 652 per
440 581 554 654 nuptias
581 581 728 637 Antoniae
749 587 926 653 generent,
946 581 1003 642 ‘ed

120 681 307 752 “imperium
342 677 514 737 vocaretur?
555 679 627 737 titos
662 673 868 737 Accusationis
900 689 1004 739 auctor

126 778 244 838 exstitit
270 779 375 835 Paetus
402 779 528 852 qnidam,
551 778 725 835 exercendis
756 779 834 850 epod
861 777 1004 838 aerariam

125 878 310 938 sectionibus
336 877 473 945 temnens,
502 884 532 933 et
560 882 621 934 tum
650 877 789 935 vanitatis
823 877 1002 936 macilentos.

125 979 197 1038 Nec
222 984 282 1035 tem
307 985 389 1050 grets
415 977 558 1034 Pallantis
579 975 762 1045 innocentia,
791 991 877 1051 qoem
903 976 1002 1049 gravle

125 1078 264 1150 snperbia
285 1076 357 1132 tuit:
377 1075 494 1150 qnippe,
516 1075 675 1148 nominetis
699 1075 812 1132 libertis
836 1076 908 1140 eius,
929 1091 1001 1150 quor

124 1175 265 1236 conscios
278 1176 408 1238 baberet,
421 1174 571 1246 respondit
584 1193 591 1230 t
611 1182 620 1208 ‘
631 1173 704 1231 nibil
720 1187 848 1250 unquam
861 1193 894 1232 se
913 1176 1001 1245 domi,

126 1275 203 1332 ‘nisi
228 1281 298 1332 nutu
319 1280 370 1332 eut
397 1288 494 1338 manu,
512 1271 704 1347 significasne,
727 1274 832 1339 velet
858 1275 937 1347 plora
951 1275 1002 1332 de·

44 1385 46 1388 ’
123 1369 672 1444 ‘monstrandamsentsctiptourum
687 1373 1002 1430 neronemconsocitt·

126 1469 212 1528 ‘ret’
253 1473 370 1536 Burrus,
378 1470 596 1542 quamvisrens,
609 1470 687 1527 inter
700 1471 812 1528 iudicer
823 1473 1001 1530 sententiam

94 1584 97 1589 ·
126 1569 217 1628 dixit.
257 1569 449 1643 Exilinmqne
470 1569 634 1626 accttaatori
647 1569 820 1645 inrogatum,
839 1577 869 1628 el
883 1573 1002 1630 tabulae

126 1675 253 1728 exustae
266 1673 343 1734 eunt,
354 1670 459 1742 quibus
473 1659 641 1726 oblitterata
655 1669 760 1728 ceredi
781 1671 899 1728 nonina
914 1677 1001 1728 retra·

127 1768 228 1825 hebet.
271 1767 348 1825 trine
374 1767 455 1833 anni,
480 1767 571 1824 statio
593 1767 731 1834 cohortis,
758 1769 890 1826 adsidere
924 1769 1053 1828 turbat
1091 1807 1092 1814 κ

127 1865 226 1934 solita,
238 1867 420 1933 demovetur,
442 1881 499 1939 quo
513 1865 604 1922 maior
616 1865 732 1937 species
748 1865 890 1923 libertatis
901 1877 1000 1924 esset:

128 1971 218 2040 atquc
232 1966 325 2030 miles,
340 1965 475 2032 theatrali
490 1963 627 2022 licentiae
650 1981 709 2021 non
723 1963 893 2036 permixtus,
907 1965 1000 2023 incor-

126 2066 239 2136 ruptior
263 2069 381 2138 agerel3
402 2068 432 2120 et
455 2065 555 2136 plebes
581 2063 665 2135 daret
689 2060 931 2134 experimentum,
953 2081 1000 2135 an,

127 2163 234 2222 amotis
269 2161 447 2240 custodibus,
488 2161 660 2221 modestiam
699 2159 845 2218 reticeret.
887 2161 1001 2222 Vrbem

128 2263 272 2335 Princeps
311 2261 454 2326 lustravit,
478 2277 495 2316 e
515 2277 654 2333 responso
688 2257 891 2332 Haruspicum,
924 2261 1000 2336 quod

127 2361 213 2421 Iovis
227 2377 263 2416 ao
279 2359 435 2418 Minervae
449 2360 538 2416 aedes
551 2361 589 2416 dc
598 2361 685 2417 caelo
696 2364 794 2416 teclae
808 2365 899 2418 erant.

172 2458 210 2531 Q.
231 2457 365 2524 Volusio,
380 2457 413 2516 P.
437 2457 577 2530 Scipione
600 2475 681 2515 coss.
701 2457 794 2515 otium
819 2457 895 2525 loris,
915 2453 1051 2518 loeda25

128 2557 209 2616 domi
235 2557 375 2624 lascivia3
396 2573 453 2630 qua
477 2557 559 2614 Nero
581 2555 687 2614 itinera
708 2557 786 2614 urbis
807 2563 837 2614 et
850 2559 1001 2631 lupanario

129 2661 162 2714 el
175 2657 360 2724 diverticula,
382 2661 466 2712 veste
488 2655 590 2712 servili
613 2655 644 2712 in
668 2655 930 2714 dissimulationem
954 2658 1000 2716 stri

128 2754 317 2834 compositus,
339 2755 513 2826 pererrabat,
543 2754 759 2821 comitantibus,
784 2754 833 2828 qui
865 2762 1000 2830 raperent

129 2852 296 2912 venditioni
304 2843 486 2927 expositam
495 2852 593 2911 obviis
604 2855 726 2910 vulnera
738 2853 887 2926 inlerrent,
897 2858 1000 2915 adver·

159 3025 312 3088 comtum]
346 3026 433 3074 oenoe
443 3041 465 3073 v.
478 3029 512 3083 12,
522 3029 558 3074 m.

159 3107 229 3162 Apud
243 3105 359 3152 neudum
377 3105 517 3166 sectionibus]
559 3104 665 3152 Emendls
681 3103 752 3162 bonis,
770 3119 828 3168 quae
846 3121 860 3153 a
878 3107 999 3157 Praefectis

129 3165 210 3212 cerami
220 3165 261 3211 tub
272 3165 337 3210 basta
346 3165 502 3210 venderentur.
533 3164 603 3210 Tales
613 3165 671 3210 enirn
682 3165 795 3211 auctiones
811 3172 862 3210 sunt
880 3168 1000 3224 sectiones,-

145 3224 167 3270 ui
184 3230 261 3270 emunt
271 3223 337 3278 bone,
347 3228 452 3269 sectores:
466 3223 496 3269 de
515 3223 593 3283 quibus
611 3223 701 3269 rideant
718 3223 801 3269 tirones
819 3224 879 3268 dicta
890 3225 912 3270 in
926 3225 998 3272 Clare

128 3239 233 3331 zicemn.
265 3282 301 3329 Sic
320 3281 410 3329 Claudii
427 3279 486 3327 bona
506 3281 546 3326 sub
555 3282 630 3327 edicto
651 3281 814 3328 Praefectorum
831 3283 919 3329 venalia
938 3284 998 3345 apud
1091 3331 1092 3336 ,

128 3340 412 3401 aerariumpependemnt.
444 3341 504 3386 Suet.
515 3339 595 3386 Glaud.
610 3355 629 3388 c.
640 3341 662 3386 9.
819 3347 823 3354 ·
1091 3341 1092 3372 l

162 3419 273 3466 Vanitatis
294 3417 434 3480 mouif'arttu]
474 3419 499 3464 ld
509 3425 550 3472 est,
566 3417 685 3471 mendacii.
716 3417 752 3465 Sic
770 3416 858 3466 Tullius
877 3418 996 3468 tanum.

130 3477 173 3526 lll.
187 3481 207 3526 l.
240 3477 505 3525 Vanitatioctitcrrcdt't.
536 3475 619 3544 Brut„
