2166 3834
114 253 187 325 120
434 265 621 322 anu-amm
835 268 979 324 asna
1067 217 1068 306 f

110 429 314 490 manderemus
331 425 459 498 demum
492 425 601 499 passim
624 423 747 485 silentia
778 429 811 484 et
838 428 979 502 ¹gesnitus,

110 529 186 590 nibil
208 525 400 602 compositum
421 525 452 583 iu
478 524 723 584 ostemationem:
744 525 785 593 et,
803 542 981 601 quamquam
1067 573 1068 576 ,

110 647 206 705 aeque
218 627 380 701 insignibus
395 625 553 698 ingentium
567 625 758 691 abstinerent,
768 625 860 682 arnus
874 625 980 683 animis

110 729 287 788 moerebant.
324 725 417 783 sose
440 723 644 798 negotiatores,
657 723 781 780 viveme
793 723 892 782 adbuc
907 723 979 782 Ger·
1067 767 1068 778 ,

110 827 228 886 manico
252 823 339 899 Syria
363 822 481 897 egressi,
509 822 631 879 laetiora
655 823 695 878 de
724 823 896 880 valetudine
918 823 979 881 eius

110 927 240 986 adtutere
255 944 262 978 ε
280 921 381 980 statim
408 920 528 986 credita,
554 921 655 978 statim
680 923 799 994 vulgata
824 927 918 978 sunt:
949 925 980 980 ut
1067 953 1068 976 n

111 1025 230 1100 quisque
243 1023 357 1087 obvius,
370 1019 502 1095 quamvis
515 1019 739 1084 reniterentur,
753 1019 783 1076 in
795 1022 879 1088 atius,
894 1027 979 1095 atque

112 1123 156 1182 iiii
180 1123 212 1180 iu
236 1124 332 1196 ptssres
359 1121 505 1176 cumulata
528 1119 635 1192 gaudio
658 1117 842 1175 transierunt.
863 1123 981 1176 camut

113 1239 165 1296 per
179 1207 287 1286 urbem,
299 1218 457 1277 metiuntur
469 1219 641 1289 temptorum
663 1217 747 1273 teres.
768 1217 845 1274 iuvit
859 1217 982 1275 credati-

114 1325 204 1379 tatem
227 1337 295 1385 nux,
314 1323 344 1374 et
370 1315 527 1390 promptior
548 1317 624 1374 inter
645 1319 780 1373 tenebras
808 1317 980 1376 adfirmatio.

114 1419 180 1476 Nec
191 1417 303 1473 obstitit
316 1415 395 1472 taleis
410 1415 556 1481 Tiberias,
577 1416 672 1472 donec
693 1421 822 1488 tempore
836 1433 872 1473 ac
887 1413 982 1488 spatio

64 1511 105 1570 83
115 1521 317 1573 senescerent.
358 1513 398 1570 Et
430 1515 549 1586 poputus
583 1514 664 1585 quasi
703 1531 812 1570 rursum
850 1519 983 1586 ereptum

115 1612 208 1672 sedus
228 1611 329 1669 detuit.
369 1611 514 1674 Honores,
534 1618 566 1668 ut
580 1613 642 1685 quis
656 1627 754 1668 amore
781 1612 983 1671 inGermani·
1067 1653 1068 1656 ,

115 1727 181 1770 cum
209 1695 258 1768 aut
286 1709 406 1790 ingenio
426 1711 553 1768 vatidus.
578 1711 684 1782 reperti
707 1711 893 1784 decretique:
928 1715 984 1768 ‘ut
1067 1691 1068 1710 ἦ

115 1815 245 1867 ‘nomeu
269 1808 332 1866 eius
357 1809 464 1866 Saliari
488 1809 618 1865 carmine
640 1815 814 1866 caneretur:
835 1811 920 1866 sedes
933 1825 984 1866 cu·

116 1911 214 1965 ‘rutes
229 1909 420 1964 Sacerdotum
438 1907 639 1981 Augustalium
662 1907 744 1975 tucis,
767 1925 908 1982 superque
933 1925 985 1965 ess

116 2013 124 2040 ‘
137 2023 279 2082 querceae
287 2021 412 2063 coronae
423 2009 632 2062 statuerentur:
648 2007 729 2062 iudos
740 2007 887 2064 circenses
901 2009 985 2064 ebur·
1067 2061 1068 2066 ,

117 2113 176 2165 ‘na
196 2105 305 2179 effigies
329 2106 470 2175 praeiret:
491 2121 567 2161 neve
582 2105 646 2178 quis
669 2105 793 2162 Flamen
815 2113 865 2162 aut
882 2107 986 2180 Augur

118 2207 170 2264 ‘in
185 2209 280 2263 lucum
297 2203 476 2268 Germanici,
502 2202 559 2260 nisi
582 2203 677 2276 gentis
703 2203 805 2270 iuliae,
819 2203 987 2260 crearetur?

117 2305 214 2366 Arcus
237 2303 328 2362 adstiti
357 2301 468 2358 Romae
495 2306 525 2358 et
556 2303 631 2373 apud
652 2292 744 2374 ripam
768 2301 875 2371 Rheni,
898 2302 987 2360 etin

116 2405 216 2462 mente
229 2403 335 2476 Syriae
353 2403 476 2464 Amano,
494 2415 561 2456 cam
575 2399 763 2472 inscriptione
784 2417 878 2457 rerum
892 2407 989 2474 gesta·

24 2557 26 2562 .
117 2519 189 2566 rum,
204 2497 413 2558 acnwnemcb
428 2495 574 2574 Rnnpubl.
596 2495 705 2554 abiisse.
719 2499 883 2570 seputcmm
899 2500 988 2558 Anti·
1067 2557 1068 2570 ,

117 2599 231 2664 uentae,
263 2597 312 2654 ubi
335 2603 500 2654 crematus:
535 2597 658 2654 tribunat
692 2596 893 2669 Epidaphnae,
929 2617 988 2674 quo
1067 2625 1068 2678 χ

117 2697 149 2754 iu
173 2701 239 2754 tucn
262 2694 352 2751 vitam
376 2696 498 2752 finierat.
549 2697 721 2752 'Statuarum
747 2699 925 2764 locorumve,
953 2699 987 2756 in
1067 2679 1068 2744 Ῠ

118 2795 181 2872 quis
204 2795 377 2861 colerentur,
400 2793 476 2850 haud
500 2793 588 2850 tacite
612 2794 676 2869 quis
701 2811 849 2852 numerum
874 2793 988 2855 inieritss

146 2969 212 3015 Sedes
220 2967 318 3028 mutes]
350 2967 485 3028 Spectaculis
500 2968 595 3016 Romam
611 2967 745 3026 transductis
755 2981 836 3028 magno
843 2969 925 3022 busun·
945 2971 989 3018 isit

118 3028 218 3090 publicus
228 3027 250 3071 in
261 3025 287 3070 iis
296 3027 362 3072 locus.
379 3027 480 3087 exenrpla
490 3027 566 3072 multa
599 3027 692 3075 Evaluit
710 3027 829 3088 paullatim
840 3027 950 3082 adulatio,
961 3035 990 3076 ut

118 3101 162 3132 unu
180 3085 249 3130 scium
268 3084 332 3139 vivis,
349 3085 465 3131 sedetiam
483 3085 608 3132 absentibus
624 3087 762 3145 *mortuisque
777 3087 870 3133 daretur
879 3087 897 3134 is
916 3089 988 3147 iocus,

118 3143 238 3190 memoriae
249 3143 427 3200 conservandae;
443 3145 485 3190 loci
495 3144 588 3204 praebiti
599 3145 703 3192 iudicium
711 3147 767 3192 seila
776 3153 841 3194 esset.

148 3221 279 3277 Sepulcrum
294 3220 432 3280 Anttcdsice]
463 3221 552 3282 Nempe
561 3222 584 3268 iu
594 3225 651 3270 toro.
683 3225 713 3270 V.
727 3239 746 3270 c.
762 3227 798 3272 73.
815 3226 944 3281 apuleam
953 3230 989 3274 est

119 3280 213 3327 bustum.
225 3279 278 3324 ibid.
291 3278 350 3324 Ern.

149 3355 264 3404 'I'rs'buml
275 3355 434 3416 Epidaphnae]
450 3357 472 3402 b.
494 3359 509 3403 l¹
529 3359 632 3405 tribuum
648 3363 683 3406 est
698 3367 874 3417 monumentum,
888 3364 990 3412 tumulus

119 3415 259 3467 honorarius,
269 3421 368 3473 utsupra
379 3415 451 3460 vocari
461 3415 562 3468 uidimus.
597 3418 656 3464 Nam
667 3419 688 3464 id
699 3421 790 3466 verbum
799 3422 829 3466 de
838 3421 891 3468 aliis
900 3437 992 3484 quoqne

119 3473 166 3520 alie
175 3473 312 3530 exaggeratis
323 3472 377 3540 iocis
394 3473 438 3518 dici
452 3479 563 3533 coeptum,
573 3477 671 3534 quamiu
687 3478 765 3538 quibus
779 3480 934 3540 impensare·
949 3487 992 3530 aut

118 3531 260 3589 magistratus
268 3531 302 3577 ius
311 3530 419 3589 ducerent,
428 3533 618 3580 concionarentur.
