2172 3842
453 197 680 254 emersum.
947 199 1012 256 xvii

123 356 297 432 consules3
329 355 381 418 ille
399 355 535 441 imperio
559 376 653 437 aegre
678 355 851 442 capessito,
878 354 930 466 hic
951 355 1005 420 ad·

124 472 213 526 serto
236 463 311 525 olim
337 470 370 525 et
397 469 508 548 spreto
534 462 684 526 illustris:
713 475 845 546 utroque
872 465 1004 528 consula

124 569 241 650 diguus
266 568 418 644 Tacitus,
443 572 472 632 in
497 589 598 655 apem,
623 589 714 652 quam
739 571 804 633 cito
826 580 891 632 erat
907 591 1004 634 occu·

122 683 270 762 paturus,
286 676 483 757 designatus.
528 675 565 739 In
588 677 649 738 hoc
666 678 749 740 enirn
774 677 887 762 privati
908 677 1003 740 horni-

124 783 175 846 uis
191 782 322 862 fastigio
334 782 511 864 Verginius,
524 783 633 846 morbo
650 793 818 869 correptus
834 793 905 846 est:
930 784 1003 848 dein

127 890 238 976 paullo
261 898 336 974 post
358 892 546 966 exstinctus,
573 911 645 952 cum
672 892 865 954 excessisset
890 911 1004 956 annum

124 998 322 1060 tertiumet
348 997 601 1076 octogesimum
639 998 764 1060 cunctis
795 999 937 1063 fortunae
969 1003 1004 1062 et

125 1103 281 1166 virtutum
306 1103 531 1186 experimentis
562 1105 601 1166 ab
628 1104 765 1184 Augusti
792 1125 929 1166 excessu
961 1102 1002 1168 ad

124 1211 207 1274 llaec
223 1231 326 1292 usque
344 1209 471 1272 Nervae
489 1221 630 1295 tempora
655 1213 817 1295 probatus.
865 1211 912 1274 Ut
930 1210 1000 1294 ejus

124 1319 222 1392 ritae,
244 1317 336 1406 itaet
358 1317 450 1378 morti
470 1317 579 1398 ingens
602 1318 798 1380 circumdata
818 1325 866 1378 est
890 1318 999 1398 gloria.

126 1424 272 1487 Doctum
294 1423 454 1508 publicum
480 1425 591 1498 funus;
623 1434 654 1485 et
679 1423 862 1505 Verginius,
886 1445 903 1486 u
927 1446 1000 1488 cou-

125 1533 193 1593 sule
212 1529 362 1594 Cornelio
378 1529 495 1592 'Pacilo
519 1551 577 1616 pro
593 1531 702 1592 rostris
719 1532 873 1605 laudatus,
890 1551 999 1616 supre-

123 1657 208 1699 mum
232 1637 317 1698 hunc
340 1636 499 1698 felicitatis
522 1637 681 1702 cumulum
704 1638 843 1722 accepit,
860 1638 998 1701 laudato·

123 1764 191 1806 rem
206 1741 522 1826 eloquentissimrrm.¹

169 1850 218 1912 Ar
235 1849 370 1911 maxima
392 1849 487 1932 hujus
503 1850 684 1914 consulatus
708 1851 775 1912 laus
791 1849 847 1914 fuit
865 1847 998 1932 Trajani

124 1955 266 2042 adoptio,
283 1977 347 2038 qua
365 1956 519 2018 securitas
543 1957 683 2041 publica,
706 1958 748 2020 ob
768 1956 897 2020 senilem
916 1955 997 2018 Ner·

123 2084 183 2125 vae
213 2071 349 2124 aetatem
381 2063 518 2125 nondum
548 2063 646 2138 firma,
672 2064 767 2126 robur
797 2063 998 2147 adsumpsit-²

125 2167 206 2232 Cum
223 2169 385 2232 ferverent
400 2169 585 2232 exsultantia
601 2169 703 2234 Urbis
719 2168 842 2250 gaudia,
859 2167 996 2232 Tacitus

124 2275 229 2338 soceri
252 2275 302 2338 sui
325 2273 404 2338 Julii
428 2275 611 2356 Agricolae,
635 2276 689 2358 qui
712 2275 794 2338 hanc
818 2282 995 2360 temporum

121 2381 305 2444 felicitatem
322 2382 451 2463 augurio
463 2379 610 2465 'votisque
626 2390 694 2445 erat
704 2381 885 2457 ominatus‚³
900 2381 996 2444 vitam

123 2489 328 2574 coruposuit3
358 2487 534 2573 priorisque
551 2487 713 2552 servitutis
736 2487 885 2551 memoria
907 2507 996 2572 prae·
1032 2518 1036 2524 ·

123 2596 257 2658 sentium
274 2595 426 2658 bonorum
441 2615 568 2658 sensum
591 2593 689 2658 auxit.
735 2593 849 2658 Brevis
867 2594 995 2678 quidem

123 2710 171 2764 est
186 2701 333 2764 libellus:
358 2708 390 2763 at
405 2700 434 2765 in
451 2721 515 2785 quo
530 2708 691 2764 aeternum
707 2700 852 2784 egregiae
868 2699 995 2764 virtutis

123 2816 369 2885 monumentum,
389 2816 423 2872 et
443 2807 710 2872 absolutissimum
732 2806 918 2872 laudationis
941 2827 995 2870 ex-

123 2915 255 3000 emptor.

165 3021 312 3106 Trojano
347 3019 381 3083 11
417 3022 558 3097 consule,
593 3039 673 3085 anno
704 3019 806 3085 Urbis
848 3018 994 3083 conditae

125 3147 266 3204 ccccm,
301 3126 530 3194 Germanorum
558 3147 674 3204 mores,
707 3127 807 3208 leges,
841 3145 993 3210 ususque,

149 3301 158 3332 ¹
170 3299 228 3346 Plio.
241 3297 316 3360 Epist.
328 3299 359 3356 li,
371 3301 392 3346 l.
628 3295 725 3344 suaet.
736 3295 785 3342 vit.
796 3293 873 3353 spic
883 3306 933 3350 cap.
942 3296 964 3336 3.

148 3378 247 3427 ³'raeia
258 3378 282 3446 ip
292 3378 373 3426 eatlem
383 3377 432 3426 vis
445 3376 521 3440 spic
533 3389 583 3436 cap.
594 3378 630 3423 tt.

164 3480 247 3522 Vssln
265 3479 291 3521 1·
555 3475 572 3517 G
