<?xml version="1.0" encoding="UTF-8"?>
<!DOCTYPE html PUBLIC "-//W3C//DTD XHTML 1.0 Transitional//EN"
    "http://www.w3.org/TR/xhtml1/DTD/xhtml1-transitional.dtd">
<html xmlns="http://www.w3.org/1999/xhtml" xml:lang="en" lang="en">
 <head>
  <title>
</title>
<meta http-equiv="Content-Type" content="text/html;charset=utf-8" />
  <meta name='ocr-system' content='tesseract 3.04.00' />
  <meta name='ocr-capabilities' content='ocr_page ocr_carea ocr_par ocr_line ocrx_word'/>
</head>
<body>
  <div class='ocr_page' id='page_1' title='image "./operaexrecensio01tacigoog_0309.png"; bbox 0 0 2164 3846; ppageno 0'>
   <div class='ocr_carea' id='block_1_1' title="bbox 59 214 934 288">
    <p class='ocr_par' dir='ltr' id='par_1_1' title="bbox 59 214 934 288">
     <span class='ocr_line' id='line_1_1' title="bbox 59 214 934 288; baseline 0.006 -6"><span class='ocrx_word' id='word_1_1' title='bbox 59 214 132 282; x_wconf 82' lang='lat'><strong>268</strong></span> <span class='ocrx_word' id='word_1_2' title='bbox 389 237 574 286; x_wconf 75' lang='lat' dir='ltr'><strong>suusnrvss</strong></span> <span class='ocrx_word' id='word_1_3' title='bbox 789 241 819 286; x_wconf 76' lang='lat' dir='ltr'><strong>s.</strong></span> <span class='ocrx_word' id='word_1_4' title='bbox 835 239 866 286; x_wconf 87' lang='lat' dir='ltr'><strong>v.</strong></span> <span class='ocrx_word' id='word_1_5' title='bbox 880 242 934 288; x_wconf 87' lang='lat' dir='ltr'><strong>ras.</strong></span> 
     </span>
    </p>
   </div>
   <div class='ocr_carea' id='block_1_2' title="bbox 6 389 1025 3445">
    <p class='ocr_par' dir='ltr' id='par_1_2' title="bbox 37 389 936 1640">
     <span class='ocr_line' id='line_1_2' title="bbox 59 389 936 466; baseline 0.002 -18"><span class='ocrx_word' id='word_1_6' title='bbox 59 389 117 448; x_wconf 87' lang='lat' dir='ltr'><strong>‘tis</strong></span> <span class='ocrx_word' id='word_1_7' title='bbox 137 389 174 448; x_wconf 86' lang='lat' dir='ltr'><strong>ad</strong></span> <span class='ocrx_word' id='word_1_8' title='bbox 196 389 366 466; x_wconf 84' lang='lat' dir='ltr'><strong>obsequium</strong></span> <span class='ocrx_word' id='word_1_9' title='bbox 388 390 555 450; x_wconf 66' lang='lat' dir='ltr'><strong>coaluisse!</strong></span> <span class='ocrx_word' id='word_1_10' title='bbox 574 390 730 460; x_wconf 86' lang='lat' dir='ltr'><strong>disserunt,</strong></span> <span class='ocrx_word' id='word_1_11' title='bbox 750 392 936 466; x_wconf 82' lang='lat' dir='ltr'><strong>‘proditores</strong></span> 
     </span>
     <span class='ocr_line' id='line_1_3' title="bbox 59 490 935 566; baseline 0.002 -20"><span class='ocrx_word' id='word_1_12' title='bbox 59 495 170 562; x_wconf 81' lang='lat' dir='ltr'>‘nuper</span> <span class='ocrx_word' id='word_1_13' title='bbox 191 491 344 566; x_wconf 72' lang='lat' dir='ltr'>hostesque</span> <span class='ocrx_word' id='word_1_14' title='bbox 358 490 432 557; x_wconf 85' lang='lat' dir='ltr'><strong>eius,</strong></span> <span class='ocrx_word' id='word_1_15' title='bbox 453 507 538 565; x_wconf 88' lang='lat' dir='ltr'><strong>quem</strong></span> <span class='ocrx_word' id='word_1_16' title='bbox 560 508 671 549; x_wconf 87' lang='lat' dir='ltr'><strong>rursum</strong></span> <span class='ocrx_word' id='word_1_17' title='bbox 694 490 841 548; x_wconf 72' lang='lat' dir='ltr'><strong>‘foveant’</strong></span> <span class='ocrx_word' id='word_1_18' title='bbox 874 492 935 548; x_wconf 85' lang='lat' dir='ltr'><strong>Vc·</strong></span> 
     </span>
     <span class='ocr_line' id='line_1_4' title="bbox 59 587 933 664; baseline 0.001 -18"><span class='ocrx_word' id='word_1_19' title='bbox 59 607 121 646; x_wconf 90' lang='lat' dir='ltr'><strong>rum</strong></span> <span class='ocrx_word' id='word_1_20' title='bbox 145 587 325 664; x_wconf 83' lang='lat' dir='ltr'><strong>Abdag&#39;eses‚</strong></span> <span class='ocrx_word' id='word_1_21' title='bbox 346 595 358 642; x_wconf 82' lang='lat'><strong>‘.</strong></span> <span class='ocrx_word' id='word_1_22' title='bbox 366 589 588 664; x_wconf 85' lang='lat' dir='ltr'><strong>regrediendum</strong></span> <span class='ocrx_word' id='word_1_23' title='bbox 612 589 643 647; x_wconf 90' lang='lat' dir='ltr'><strong>iu</strong></span> <span class='ocrx_word' id='word_1_24' title='bbox 667 589 933 664; x_wconf 86' lang='lat' dir='ltr'><strong>Mesopotamiam‚’</strong></span> 
     </span>
     <span class='ocr_line' id='line_1_5' title="bbox 60 689 934 764; baseline 0.002 -18"><span class='ocrx_word' id='word_1_25' title='bbox 60 691 210 758; x_wconf 86' lang='lat' dir='ltr'><strong>censebat,</strong></span> <span class='ocrx_word' id='word_1_26' title='bbox 231 694 280 746; x_wconf 89' lang='lat' dir='ltr'><strong>‘ut</strong></span> <span class='ocrx_word' id='word_1_27' title='bbox 304 706 390 747; x_wconf 90' lang='lat' dir='ltr'><strong>amne</strong></span> <span class='ocrx_word' id='word_1_28' title='bbox 412 689 538 758; x_wconf 89' lang='lat' dir='ltr'><strong>obiecto,</strong></span> <span class='ocrx_word' id='word_1_29' title='bbox 554 689 703 746; x_wconf 84' lang='lat' dir='ltr'><strong>Armeniis</strong></span> <span class='ocrx_word' id='word_1_30' title='bbox 724 690 845 748; x_wconf 85' lang='lat' dir='ltr'><strong>iuterim</strong></span> <span class='ocrx_word' id='word_1_31' title='bbox 865 689 934 764; x_wconf 83' lang='lat' dir='ltr'><strong>Ely-</strong></span> 
     </span>
     <span class='ocr_line' id='line_1_6' title="bbox 61 787 934 864; baseline 0.003 -18"><span class='ocrx_word' id='word_1_32' title='bbox 61 803 69 826; x_wconf 80' lang='lat'><strong><em>⁶</em></strong></span> <span class='ocrx_word' id='word_1_33' title='bbox 81 789 228 864; x_wconf 82' lang='lat' dir='ltr'><strong>mucisque</strong></span> <span class='ocrx_word' id='word_1_34' title='bbox 237 794 267 847; x_wconf 90' lang='lat' dir='ltr'><strong>et</strong></span> <span class='ocrx_word' id='word_1_35' title='bbox 280 789 387 848; x_wconf 85' lang='lat' dir='ltr'><strong>ceteris</strong></span> <span class='ocrx_word' id='word_1_36' title='bbox 401 807 419 846; x_wconf 86' lang='lat' dir='ltr'><strong>s</strong></span> <span class='ocrx_word' id='word_1_37' title='bbox 434 794 516 862; x_wconf 81' lang='lat' dir='ltr'><strong>tergo</strong></span> <span class='ocrx_word' id='word_1_38' title='bbox 540 787 658 856; x_wconf 83' lang='lat' dir='ltr'><strong>excitis,</strong></span> <span class='ocrx_word' id='word_1_39' title='bbox 680 789 761 847; x_wconf 82' lang='lat' dir='ltr'><strong>aucti</strong></span> <span class='ocrx_word' id='word_1_40' title='bbox 781 791 877 864; x_wconf 88' lang='lat' dir='ltr'><strong>copiis</strong></span> <span class='ocrx_word' id='word_1_41' title='bbox 891 807 934 849; x_wconf 91' lang='lat' dir='ltr'><strong>so·</strong></span> 
     </span>
     <span class='ocr_line' id='line_1_7' title="bbox 37 882 935 965; baseline 0.003 -19"><span class='ocrx_word' id='word_1_42' title='bbox 37 882 212 954; x_wconf 86' lang='lat' dir='ltr'><strong>&#39;‘cialibus,</strong></span> <span class='ocrx_word' id='word_1_43' title='bbox 226 895 257 947; x_wconf 87' lang='lat' dir='ltr'><strong>et</strong></span> <span class='ocrx_word' id='word_1_44' title='bbox 276 906 346 965; x_wconf 89' lang='lat' dir='ltr'><strong>quas</strong></span> <span class='ocrx_word' id='word_1_45' title='bbox 361 890 432 947; x_wconf 84' lang='lat' dir='ltr'><strong>Dux</strong></span> <span class='ocrx_word' id='word_1_46' title='bbox 455 888 604 946; x_wconf 86' lang='lat' dir='ltr'><strong>Romanus</strong></span> <span class='ocrx_word' id='word_1_47' title='bbox 632 887 768 956; x_wconf 79' lang='lat' dir='ltr'><strong>misisset,</strong></span> <span class='ocrx_word' id='word_1_48' title='bbox 789 891 935 949; x_wconf 81' lang='lat' dir='ltr'><strong>lortuunm</strong></span> 
     </span>
     <span class='ocr_line' id='line_1_8' title="bbox 60 987 933 1061; baseline 0.002 -15"><span class='ocrx_word' id='word_1_49' title='bbox 60 987 224 1046; x_wconf 87' lang='lat' dir='ltr'><strong>‘tentnret.&#39;</strong></span> <span class='ocrx_word' id='word_1_50' title='bbox 264 989 309 1046; x_wconf 85' lang='lat' dir='ltr'><strong>Es</strong></span> <span class='ocrx_word' id='word_1_51' title='bbox 327 987 474 1046; x_wconf 87' lang='lat' dir='ltr'><strong>sententis</strong></span> <span class='ocrx_word' id='word_1_52' title='bbox 500 988 604 1052; x_wconf 85' lang='lat' dir='ltr'><strong>valuit,</strong></span> <span class='ocrx_word' id='word_1_53' title='bbox 626 987 693 1061; x_wconf 87' lang='lat' dir='ltr'><strong>quia</strong></span> <span class='ocrx_word' id='word_1_54' title='bbox 721 989 846 1061; x_wconf 81' lang='lat' dir='ltr'><strong>plurima</strong></span> <span class='ocrx_word' id='word_1_55' title='bbox 867 999 933 1048; x_wconf 87' lang='lat' dir='ltr'><strong>auc·</strong></span> 
     </span>
     <span class='ocr_line' id='line_1_9' title="bbox 61 1067 934 1163; baseline 0.002 -18"><span class='ocrx_word' id='word_1_56' title='bbox 61 1087 161 1146; x_wconf 79' lang='lat' dir='ltr'><strong>toritas</strong></span> <span class='ocrx_word' id='word_1_57' title='bbox 179 1067 279 1163; x_wconf 48' lang='lat' dir='ltr'><strong>&#39;penes</strong></span> <span class='ocrx_word' id='word_1_58' title='bbox 301 1088 538 1162; x_wconf 65' lang='lat' dir='ltr'><strong>Abdagaeses</strong></span> <span class='ocrx_word' id='word_1_59' title='bbox 567 1086 720 1144; x_wconf 72' lang='lat' dir='ltr'><strong>Tiridates</strong></span> <span class='ocrx_word' id='word_1_60' title='bbox 748 1086 876 1161; x_wconf 85' lang='lat' dir='ltr'><strong>ignavus</strong></span> <span class='ocrx_word' id='word_1_61' title='bbox 895 1091 934 1147; x_wconf 86' lang='lat' dir='ltr'><strong>sd</strong></span> 
     </span>
     <span class='ocr_line' id='line_1_10' title="bbox 61 1185 933 1263; baseline 0.005 -20"><span class='ocrx_word' id='word_1_62' title='bbox 61 1187 190 1260; x_wconf 89' lang='lat' dir='ltr'><strong>pericula</strong></span> <span class='ocrx_word' id='word_1_63' title='bbox 210 1193 280 1246; x_wconf 88' lang='lat' dir='ltr'><strong>erat.</strong></span> <span class='ocrx_word' id='word_1_64' title='bbox 302 1188 353 1244; x_wconf 89' lang='lat' dir='ltr'><strong>sed</strong></span> <span class='ocrx_word' id='word_1_65' title='bbox 373 1187 458 1261; x_wconf 84' lang='lat' dir='ltr'><strong>lugae</strong></span> <span class='ocrx_word' id='word_1_66' title='bbox 472 1185 572 1259; x_wconf 88' lang='lat' dir='ltr'><strong>specie</strong></span> <span class='ocrx_word' id='word_1_67' title='bbox 586 1185 768 1243; x_wconf 83' lang='lat' dir='ltr'><strong>discessum:</strong></span> <span class='ocrx_word' id='word_1_68' title='bbox 796 1205 843 1255; x_wconf 87' lang='lat' dir='ltr'><strong>ac,</strong></span> <span class='ocrx_word' id='word_1_69' title='bbox 858 1188 933 1263; x_wconf 88' lang='lat' dir='ltr'><strong>prin·</strong></span> 
     </span>
     <span class='ocr_line' id='line_1_11' title="bbox 60 1285 932 1362; baseline 0.002 -18"><span class='ocrx_word' id='word_1_70' title='bbox 60 1285 170 1358; x_wconf 87' lang='lat' dir='ltr'><strong>cipioa</strong></span> <span class='ocrx_word' id='word_1_71' title='bbox 188 1295 284 1362; x_wconf 65' lang='lat' dir='ltr'><strong>lgente</strong></span> <span class='ocrx_word' id='word_1_72' title='bbox 300 1287 430 1346; x_wconf 80' lang='lat' dir='ltr'>Arabum</span> <span class='ocrx_word' id='word_1_73' title='bbox 460 1285 547 1352; x_wconf 87' lang='lat' dir='ltr'><strong>laeto,</strong></span> <span class='ocrx_word' id='word_1_74' title='bbox 574 1285 667 1342; x_wconf 88' lang='lat' dir='ltr'><strong>ceteri</strong></span> <span class='ocrx_word' id='word_1_75' title='bbox 693 1287 794 1343; x_wconf 89' lang='lat' dir='ltr'><strong>domos</strong></span> <span class='ocrx_word' id='word_1_76' title='bbox 815 1290 932 1360; x_wconf 78' lang='lat' dir='ltr'><strong>abeunt,</strong></span> 
     </span>
     <span class='ocr_line' id='line_1_12' title="bbox 60 1384 932 1454; baseline 0.007 -14"><span class='ocrx_word' id='word_1_77' title='bbox 60 1388 109 1442; x_wconf 86' lang='lat' dir='ltr'><strong>vel</strong></span> <span class='ocrx_word' id='word_1_78' title='bbox 144 1385 173 1442; x_wconf 91' lang='lat' dir='ltr'><strong>in</strong></span> <span class='ocrx_word' id='word_1_79' title='bbox 207 1391 303 1444; x_wconf 81' lang='lat' dir='ltr'><strong>castro</strong></span> <span class='ocrx_word' id='word_1_80' title='bbox 336 1385 511 1444; x_wconf 79' lang='lat' dir='ltr'><strong>Artabani:</strong></span> <span class='ocrx_word' id='word_1_81' title='bbox 544 1386 640 1442; x_wconf 85' lang='lat' dir='ltr'><strong>doueo</strong></span> <span class='ocrx_word' id='word_1_82' title='bbox 673 1384 835 1454; x_wconf 77' lang='lat' dir='ltr'><strong>Tiridates,</strong></span> <span class='ocrx_word' id='word_1_83' title='bbox 863 1405 932 1446; x_wconf 91' lang='lat' dir='ltr'><strong>cum</strong></span> 
     </span>
     <span class='ocr_line' id='line_1_13' title="bbox 58 1484 931 1560; baseline 0.005 -20"><span class='ocrx_word' id='word_1_84' title='bbox 58 1484 169 1557; x_wconf 79' lang='lat' dir='ltr'><strong>paucis,</strong></span> <span class='ocrx_word' id='word_1_85' title='bbox 195 1485 232 1542; x_wconf 86' lang='lat' dir='ltr'><strong>in</strong></span> <span class='ocrx_word' id='word_1_86' title='bbox 274 1485 391 1558; x_wconf 85' lang='lat' dir='ltr'><strong>Syriam</strong></span> <span class='ocrx_word' id='word_1_87' title='bbox 431 1488 576 1552; x_wconf 88' lang='lat' dir='ltr'><strong>revectus,</strong></span> <span class='ocrx_word' id='word_1_88' title='bbox 608 1484 717 1557; x_wconf 88' lang='lat' dir='ltr'><strong>pudore</strong></span> <span class='ocrx_word' id='word_1_89' title='bbox 758 1486 931 1560; x_wconf 82' lang='lat' dir='ltr'><strong>proditionis</strong></span> 
     </span>
     <span class='ocr_line' id='line_1_14' title="bbox 58 1584 318 1640; baseline -0.004 0"><span class='ocrx_word' id='word_1_90' title='bbox 58 1600 159 1640; x_wconf 89' lang='lat' dir='ltr'><strong>omnes</strong></span> <span class='ocrx_word' id='word_1_91' title='bbox 180 1584 318 1640; x_wconf 79' lang='lat' dir='ltr'><strong>exsolvit.</strong></span> 
     </span>
    </p>

    <p class='ocr_par' dir='ltr' id='par_1_3' title="bbox 6 1683 1025 2949">
     <span class='ocr_line' id='line_1_15' title="bbox 6 1683 1025 1766; baseline 0.007 -28"><span class='ocrx_word' id='word_1_92' title='bbox 6 1709 46 1766; x_wconf 76' lang='lat'><strong>45</strong></span> <span class='ocrx_word' id='word_1_93' title='bbox 99 1683 181 1739; x_wconf 85' lang='lat' dir='ltr'><strong>ldom</strong></span> <span class='ocrx_word' id='word_1_94' title='bbox 209 1697 302 1741; x_wconf 83' lang='lat' dir='ltr'><strong>sunus</strong></span> <span class='ocrx_word' id='word_1_95' title='bbox 329 1684 414 1757; x_wconf 80' lang='lat' dir='ltr'><strong>gravi</strong></span> <span class='ocrx_word' id='word_1_96' title='bbox 445 1684 513 1758; x_wconf 85' lang='lat' dir='ltr'><strong>igne</strong></span> <span class='ocrx_word' id='word_1_97' title='bbox 549 1684 648 1741; x_wconf 87' lang='lat' dir='ltr'><strong>urbem</strong></span> <span class='ocrx_word' id='word_1_98' title='bbox 682 1684 792 1753; x_wconf 87' lang='lat' dir='ltr'><strong>adlicit,</strong></span> <span class='ocrx_word' id='word_1_99' title='bbox 826 1686 931 1744; x_wconf 83' lang='lat' dir='ltr'><strong>deusta</strong></span> <span class='ocrx_word' id='word_1_100' title='bbox 1017 1749 1025 1762; x_wconf 54' lang='grc'><strong>,</strong></span> 
     </span>
     <span class='ocr_line' id='line_1_16' title="bbox 57 1781 931 1857; baseline 0.007 -19"><span class='ocrx_word' id='word_1_101' title='bbox 57 1787 139 1856; x_wconf 88' lang='lat' dir='ltr'><strong>parte</strong></span> <span class='ocrx_word' id='word_1_102' title='bbox 160 1781 251 1850; x_wconf 80' lang='lat' dir='ltr'><strong>Circi,</strong></span> <span class='ocrx_word' id='word_1_103' title='bbox 271 1800 345 1857; x_wconf 86' lang='lat' dir='ltr'><strong>quae</strong></span> <span class='ocrx_word' id='word_1_104' title='bbox 360 1783 515 1842; x_wconf 88' lang='lat' dir='ltr'><strong>Aventino</strong></span> <span class='ocrx_word' id='word_1_105' title='bbox 528 1781 675 1857; x_wconf 79' lang='lat' dir='ltr'><strong>contigua,</strong></span> <span class='ocrx_word' id='word_1_106' title='bbox 690 1782 811 1856; x_wconf 84' lang='lat' dir='ltr'><strong>ipsoque</strong></span> <span class='ocrx_word' id='word_1_107' title='bbox 827 1787 931 1844; x_wconf 78' lang='lat' dir='ltr'><strong>Aven-</strong></span> 
     </span>
     <span class='ocr_line' id='line_1_17' title="bbox 58 1881 929 1958; baseline 0.003 -19"><span class='ocrx_word' id='word_1_108' title='bbox 58 1881 129 1940; x_wconf 90' lang='lat' dir='ltr'><strong>tino.</strong></span> <span class='ocrx_word' id='word_1_109' title='bbox 150 1882 225 1958; x_wconf 88' lang='lat' dir='ltr'><strong>quod</strong></span> <span class='ocrx_word' id='word_1_110' title='bbox 256 1883 392 1940; x_wconf 88' lang='lat' dir='ltr'><strong>damnum</strong></span> <span class='ocrx_word' id='word_1_111' title='bbox 414 1882 525 1940; x_wconf 78' lang='lat' dir='ltr'><strong>Oseser</strong></span> <span class='ocrx_word' id='word_1_112' title='bbox 551 1883 588 1939; x_wconf 88' lang='lat' dir='ltr'><strong>ad</strong></span> <span class='ocrx_word' id='word_1_113' title='bbox 615 1881 738 1955; x_wconf 80' lang='lat' dir='ltr'><strong>gloriam</strong></span> <span class='ocrx_word' id='word_1_114' title='bbox 759 1884 858 1952; x_wconf 87' lang='lat' dir='ltr'><strong>vertit,</strong></span> <span class='ocrx_word' id='word_1_115' title='bbox 873 1895 929 1942; x_wconf 77' lang='lat' dir='ltr'><strong>&#39;ex-</strong></span> 
     </span>
     <span class='ocr_line' id='line_1_18' title="bbox 56 1973 930 2054; baseline 0.002 -14"><span class='ocrx_word' id='word_1_116' title='bbox 56 1983 158 2042; x_wconf 87' lang='lat' dir='ltr'><strong>solutis</strong></span> <span class='ocrx_word' id='word_1_117' title='bbox 176 1973 314 2040; x_wconf 78' lang='lat' dir='ltr'><strong>=domuum</strong></span> <span class='ocrx_word' id='word_1_118' title='bbox 333 1987 363 2040; x_wconf 86' lang='lat' dir='ltr'><strong>et</strong></span> <span class='ocrx_word' id='word_1_119' title='bbox 384 1983 543 2039; x_wconf 83' lang='lat' dir='ltr'><strong>insularum</strong></span> <span class='ocrx_word' id='word_1_120' title='bbox 570 1983 680 2054; x_wconf 87' lang='lat' dir='ltr'><strong>pretiis.</strong></span> <span class='ocrx_word' id='word_1_121' title='bbox 736 1983 850 2042; x_wconf 84' lang='lat' dir='ltr'><strong>Millies</strong></span> <span class='ocrx_word' id='word_1_122' title='bbox 870 2003 930 2042; x_wconf 87' lang='lat' dir='ltr'><strong>ses·</strong></span> 
     </span>
     <span class='ocr_line' id='line_1_19' title="bbox 56 2081 929 2159; baseline 0.002 -19"><span class='ocrx_word' id='word_1_123' title='bbox 56 2084 175 2142; x_wconf 88' lang='lat' dir='ltr'><strong>tertium</strong></span> <span class='ocrx_word' id='word_1_124' title='bbox 196 2100 231 2140; x_wconf 88' lang='lat' dir='ltr'><strong>ea</strong></span> <span class='ocrx_word' id='word_1_125' title='bbox 253 2081 454 2140; x_wconf 85' lang='lat' dir='ltr'><strong>munificentia</strong></span> <span class='ocrx_word' id='word_1_126' title='bbox 474 2083 678 2152; x_wconf 80' lang='lat' dir='ltr'><strong>conlocatum:</strong></span> <span class='ocrx_word' id='word_1_127' title='bbox 710 2087 792 2141; x_wconf 87' lang='lat' dir='ltr'><strong>lanto</strong></span> <span class='ocrx_word' id='word_1_128' title='bbox 824 2099 929 2159; x_wconf 85' lang='lat' dir='ltr'><strong>accep-</strong></span> 
     </span>
     <span class='ocr_line' id='line_1_20' title="bbox 56 2180 929 2258; baseline 0.001 -17"><span class='ocrx_word' id='word_1_129' title='bbox 56 2183 113 2241; x_wconf 90' lang='lat' dir='ltr'><strong>tius</strong></span> <span class='ocrx_word' id='word_1_130' title='bbox 144 2183 175 2241; x_wconf 92' lang='lat' dir='ltr'><strong>in</strong></span> <span class='ocrx_word' id='word_1_131' title='bbox 206 2184 334 2258; x_wconf 83' lang='lat' dir='ltr'><strong>uulgum,</strong></span> <span class='ocrx_word' id='word_1_132' title='bbox 364 2185 472 2256; x_wconf 87' lang='lat' dir='ltr'><strong>quanto</strong></span> <span class='ocrx_word' id='word_1_133' title='bbox 491 2180 623 2238; x_wconf 87' lang='lat' dir='ltr'><strong>modicus</strong></span> <span class='ocrx_word' id='word_1_134' title='bbox 650 2181 773 2254; x_wconf 87' lang='lat' dir='ltr'><strong>privatis</strong></span> <span class='ocrx_word' id='word_1_135' title='bbox 792 2184 929 2242; x_wconf 84' lang='lat' dir='ltr'><strong>aedifica-</strong></span> 
     </span>
     <span class='ocr_line' id='line_1_21' title="bbox 56 2279 929 2355; baseline 0.001 -15"><span class='ocrx_word' id='word_1_136' title='bbox 56 2281 191 2340; x_wconf 86' lang='lat' dir='ltr'><strong>tionibus.</strong></span> <span class='ocrx_word' id='word_1_137' title='bbox 232 2282 280 2341; x_wconf 89' lang='lat' dir='ltr'><strong>Nc</strong></span> <span class='ocrx_word' id='word_1_138' title='bbox 294 2281 410 2355; x_wconf 88' lang='lat' dir='ltr'><strong>publice</strong></span> <span class='ocrx_word' id='word_1_139' title='bbox 431 2279 556 2355; x_wconf 87' lang='lat' dir='ltr'><strong>quidem,</strong></span> <span class='ocrx_word' id='word_1_140' title='bbox 568 2279 625 2336; x_wconf 89' lang='lat' dir='ltr'><strong>nisi</strong></span> <span class='ocrx_word' id='word_1_141' title='bbox 646 2281 704 2338; x_wconf 93' lang='lat' dir='ltr'><strong>duo</strong></span> <span class='ocrx_word' id='word_1_142' title='bbox 723 2299 821 2355; x_wconf 87' lang='lat' dir='ltr'><strong>opera,</strong></span> <span class='ocrx_word' id='word_1_143' title='bbox 833 2289 929 2341; x_wconf 84' lang='lat' dir='ltr'><strong>strux-</strong></span> 
     </span>
     <span class='ocr_line' id='line_1_22' title="bbox 55 2377 929 2456; baseline -0.005 -12"><span class='ocrx_word' id='word_1_144' title='bbox 55 2381 88 2447; x_wconf 85' lang='lat' dir='ltr'><strong>il,</strong></span> <span class='ocrx_word' id='word_1_145' title='bbox 110 2383 249 2456; x_wconf 86' lang='lat' dir='ltr'><strong>templum</strong></span> <span class='ocrx_word' id='word_1_146' title='bbox 283 2382 423 2454; x_wconf 81' lang='lat' dir='ltr'><strong>Augusto.</strong></span> <span class='ocrx_word' id='word_1_147' title='bbox 456 2385 485 2436; x_wconf 90' lang='lat' dir='ltr'><strong>el</strong></span> <span class='ocrx_word' id='word_1_148' title='bbox 506 2396 625 2436; x_wconf 83' lang='lat' dir='ltr'><strong>scenam</strong></span> <span class='ocrx_word' id='word_1_149' title='bbox 654 2377 827 2453; x_wconf 85' lang='lat' dir='ltr'><strong>Pompeiani</strong></span> <span class='ocrx_word' id='word_1_150' title='bbox 848 2383 929 2440; x_wconf 89' lang='lat' dir='ltr'><strong>thea-</strong></span> 
     </span>
     <span class='ocr_line' id='line_1_23' title="bbox 54 2477 929 2555; baseline 0.001 -16"><span class='ocrx_word' id='word_1_151' title='bbox 54 2481 110 2540; x_wconf 87' lang='lat' dir='ltr'><strong>tri:</strong></span> <span class='ocrx_word' id='word_1_152' title='bbox 132 2498 223 2555; x_wconf 82' lang='lat' dir='ltr'><strong>esque</strong></span> <span class='ocrx_word' id='word_1_153' title='bbox 252 2479 390 2552; x_wconf 79' lang='lat' dir='ltr'><strong>perlecta,</strong></span> <span class='ocrx_word' id='word_1_154' title='bbox 410 2484 578 2552; x_wconf 86' lang='lat' dir='ltr'><strong>contemptu</strong></span> <span class='ocrx_word' id='word_1_155' title='bbox 606 2477 788 2546; x_wconf 82' lang='lat' dir='ltr'><strong>ambitionis,</strong></span> <span class='ocrx_word' id='word_1_156' title='bbox 807 2497 844 2538; x_wconf 89' lang='lat' dir='ltr'><strong>an</strong></span> <span class='ocrx_word' id='word_1_157' title='bbox 876 2499 929 2555; x_wconf 90' lang='lat' dir='ltr'><strong>per</strong></span> 
     </span>
     <span class='ocr_line' id='line_1_24' title="bbox 54 2576 927 2644; baseline -0.001 -5"><span class='ocrx_word' id='word_1_158' title='bbox 54 2585 245 2644; x_wconf 84' lang='lat' dir='ltr'><strong>senectutem,</strong></span> <span class='ocrx_word' id='word_1_159' title='bbox 265 2579 341 2637; x_wconf 93' lang='lat' dir='ltr'><strong>baud</strong></span> <span class='ocrx_word' id='word_1_160' title='bbox 363 2577 522 2636; x_wconf 86' lang='lat' dir='ltr'><strong>dedicavit.</strong></span> <span class='ocrx_word' id='word_1_161' title='bbox 556 2578 607 2634; x_wconf 87' lang='lat' dir='ltr'><strong>sed</strong></span> <span class='ocrx_word' id='word_1_162' title='bbox 628 2576 812 2635; x_wconf 83' lang='lat' dir='ltr'><strong>aestimando</strong></span> <span class='ocrx_word' id='word_1_163' title='bbox 831 2580 927 2638; x_wconf 91' lang='lat' dir='ltr'><strong>cuius·</strong></span> 
     </span>
     <span class='ocr_line' id='line_1_25' title="bbox 53 2675 924 2756; baseline -0.001 -19"><span class='ocrx_word' id='word_1_164' title='bbox 53 2699 109 2756; x_wconf 83' lang='lat' dir='ltr'><strong>que</strong></span> <span class='ocrx_word' id='word_1_165' title='bbox 142 2678 317 2736; x_wconf 83' lang='lat' dir='ltr'><strong>(letrimenlo</strong></span> <span class='ocrx_word' id='word_1_166' title='bbox 349 2682 469 2752; x_wconf 86' lang='lat' dir='ltr'><strong>quatuor</strong></span> <span class='ocrx_word' id='word_1_167' title='bbox 502 2675 654 2750; x_wconf 83' lang='lat' dir='ltr'><strong>progeneri</strong></span> <span class='ocrx_word' id='word_1_168' title='bbox 689 2676 835 2746; x_wconf 78' lang='lat' dir='ltr'><strong>Cessatis,</strong></span> <span class='ocrx_word' id='word_1_169' title='bbox 866 2680 924 2738; x_wconf 87' lang='lat' dir='ltr'><strong>Cn.</strong></span> 
     </span>
     <span class='ocr_line' id='line_1_26' title="bbox 54 2773 926 2849; baseline -0.005 -9"><span class='ocrx_word' id='word_1_170' title='bbox 54 2777 211 2846; x_wconf 88' lang='lat' dir='ltr'><strong>Domitius,</strong></span> <span class='ocrx_word' id='word_1_171' title='bbox 232 2777 353 2836; x_wconf 80' lang='lat' dir='ltr'><strong>Cassius</strong></span> <span class='ocrx_word' id='word_1_172' title='bbox 372 2776 531 2849; x_wconf 84' lang='lat' dir='ltr'><strong>Longinus,</strong></span> <span class='ocrx_word' id='word_1_173' title='bbox 553 2774 594 2832; x_wconf 87' lang='lat' dir='ltr'><strong>M.</strong></span> <span class='ocrx_word' id='word_1_174' title='bbox 610 2773 757 2842; x_wconf 80' lang='lat' dir='ltr'><strong>Vinio-ias,</strong></span> <span class='ocrx_word' id='word_1_175' title='bbox 773 2776 926 2836; x_wconf 81' lang='lat' dir='ltr'><strong>Rubellius</strong></span> 
     </span>
     <span class='ocr_line' id='line_1_27' title="bbox 52 2873 926 2949; baseline 0 -13"><span class='ocrx_word' id='word_1_176' title='bbox 52 2878 184 2936; x_wconf 82' lang='lat' dir='ltr'><strong>Blandus</strong></span> <span class='ocrx_word' id='word_1_177' title='bbox 204 2875 322 2941; x_wconf 89' lang='lat' dir='ltr'><strong>delecti,</strong></span> <span class='ocrx_word' id='word_1_178' title='bbox 343 2875 512 2949; x_wconf 79' lang='lat' dir='ltr'><strong>additusque</strong></span> <span class='ocrx_word' id='word_1_179' title='bbox 538 2873 740 2932; x_wconf 85' lang='lat' dir='ltr'><strong>nominatione</strong></span> <span class='ocrx_word' id='word_1_180' title='bbox 762 2875 926 2936; x_wconf 79' lang='lat' dir='ltr'><strong>Consulum</strong></span> 
     </span>
    </p>

    <p class='ocr_par' dir='ltr' id='par_1_4' title="bbox 48 3027 926 3445">
     <span class='ocr_line' id='line_1_28' title="bbox 81 3027 926 3092; baseline -0.002 -14"><span class='ocrx_word' id='word_1_181' title='bbox 81 3030 168 3078; x_wconf 74' lang='lat' dir='ltr'><strong>stistte</strong></span> <span class='ocrx_word' id='word_1_182' title='bbox 187 3027 319 3089; x_wconf 71' lang='lat' dir='ltr'><strong>solertium]</strong></span> <span class='ocrx_word' id='word_1_183' title='bbox 360 3029 416 3075; x_wconf 85' lang='lat' dir='ltr'><strong>Sunt</strong></span> <span class='ocrx_word' id='word_1_184' title='bbox 439 3027 623 3088; x_wconf 85' lang='lat' dir='ltr'><strong>violesquinquies</strong></span> <span class='ocrx_word' id='word_1_185' title='bbox 638 3031 733 3074; x_wconf 84' lang='lat' dir='ltr'><strong>centens</strong></span> <span class='ocrx_word' id='word_1_186' title='bbox 750 3027 823 3074; x_wconf 86' lang='lat' dir='ltr'><strong>millia</strong></span> <span class='ocrx_word' id='word_1_187' title='bbox 839 3029 926 3092; x_wconf 85' lang='lat' dir='ltr'><strong>Philip·</strong></span> 
     </span>
     <span class='ocr_line' id='line_1_29' title="bbox 67 3087 926 3148; baseline -0.001 -11"><span class='ocrx_word' id='word_1_188' title='bbox 67 3091 131 3137; x_wconf 83' lang='lat' dir='ltr'><strong>icum.</strong></span> <span class='ocrx_word' id='word_1_189' title='bbox 164 3089 258 3148; x_wconf 75' lang='lat' dir='ltr'><strong>Egregia</strong></span> <span class='ocrx_word' id='word_1_190' title='bbox 269 3087 423 3140; x_wconf 71' lang='lat' dir='ltr'><strong>munificentia,</strong></span> <span class='ocrx_word' id='word_1_191' title='bbox 430 3093 454 3132; x_wconf 87' lang='lat' dir='ltr'><strong>el</strong></span> <span class='ocrx_word' id='word_1_192' title='bbox 462 3101 527 3146; x_wconf 84' lang='lat' dir='ltr'><strong>quam</strong></span> <span class='ocrx_word' id='word_1_193' title='bbox 537 3089 616 3133; x_wconf 91' lang='lat' dir='ltr'><strong>mirum</strong></span> <span class='ocrx_word' id='word_1_194' title='bbox 625 3095 659 3133; x_wconf 85' lang='lat' dir='ltr'><strong>est</strong></span> <span class='ocrx_word' id='word_1_195' title='bbox 666 3088 774 3134; x_wconf 84' lang='lat' dir='ltr'><strong>Suetonio</strong></span> <span class='ocrx_word' id='word_1_196' title='bbox 782 3089 926 3146; x_wconf 81' lang='lat' dir='ltr'><strong>condictam,</strong></span> 
     </span>
     <span class='ocr_line' id='line_1_30' title="bbox 50 3107 924 3250; baseline -0.001 -54"><span class='ocrx_word' id='word_1_197' title='bbox 50 3107 90 3196; x_wconf 54' lang='lat' dir='ltr'><strong>Eut</strong></span> <span class='ocrx_word' id='word_1_198' title='bbox 100 3149 232 3220; x_wconf 65' lang='lat' dir='ltr'><strong>neglectam.</strong></span> <span class='ocrx_word' id='word_1_199' title='bbox 263 3145 331 3246; x_wconf 49' lang='grc' dir='ltr'>ΐῖξιιη,</span> <span class='ocrx_word' id='word_1_200' title='bbox 339 3147 379 3248; x_wconf 48' lang='lat' dir='ltr'><strong>irbi</strong></span> <span class='ocrx_word' id='word_1_201' title='bbox 390 3159 417 3190; x_wconf 80' lang='lat' dir='ltr'><strong>ex</strong></span> <span class='ocrx_word' id='word_1_202' title='bbox 434 3146 588 3250; x_wconf 49' lang='lat' dir='ltr'><strong>pmpghdtgsudte</strong></span> <span class='ocrx_word' id='word_1_203' title='bbox 600 3147 641 3192; x_wconf 81' lang='lat' dir='ltr'><strong>lrnc</strong></span> <span class='ocrx_word' id='word_1_204' title='bbox 657 3160 689 3216; x_wconf 64' lang='lat' dir='ltr'><strong>re,</strong></span> <span class='ocrx_word' id='word_1_205' title='bbox 709 3145 842 3250; x_wconf 52' lang='lat' dir='ltr'><strong>Tiile&#39;riiucla</strong></span> <span class='ocrx_word' id='word_1_206' title='bbox 861 3183 865 3192; x_wconf 95' lang='lat'><em>.</em></span> <span class='ocrx_word' id='word_1_207' title='bbox 886 3151 924 3195; x_wconf 77' lang='grc'><strong>48.</strong></span> 
     </span>
     <span class='ocr_line' id='line_1_31' title="bbox 49 3203 925 3338; baseline -0.006 -26"><span class='ocrx_word' id='word_1_208' title='bbox 49 3203 925 3338; x_wconf 55' lang='lat' dir='ltr'><strong>utuausnuunuupp</strong></span> 
     </span>
     <span class='ocr_line' id='line_1_32' title="bbox 48 3321 925 3445; baseline 0.005 -19"><span class='ocrx_word' id='word_1_209' title='bbox 48 3321 925 3445; x_wconf 51' lang='lat' dir='ltr'><strong>,tultltlllltllt:stultit&#39;lefttlllll‘lltsll&#39;litt</strong></span> 
     </span>
    </p>
   </div>
   <div class='ocr_carea' id='block_1_3' title="bbox 47 3435 926 3555">
    <p class='ocr_par' dir='ltr' id='par_1_5' title="bbox 47 3435 926 3555">
     <span class='ocr_line' id='line_1_33' title="bbox 47 3435 926 3496; baseline 0.003 -13"><span class='ocrx_word' id='word_1_210' title='bbox 47 3439 109 3484; x_wconf 85' lang='lat' dir='ltr'><strong>nium</strong></span> <span class='ocrx_word' id='word_1_211' title='bbox 124 3439 208 3496; x_wconf 71' lang='lat' dir='ltr'><strong>ellbgit.</strong></span> <span class='ocrx_word' id='word_1_212' title='bbox 239 3435 300 3490; x_wconf 83' lang='lat' dir='ltr'><strong>Lips.</strong></span> <span class='ocrx_word' id='word_1_213' title='bbox 333 3436 422 3482; x_wconf 79' lang='lat' dir='ltr'><strong>Summe</strong></span> <span class='ocrx_word' id='word_1_214' title='bbox 439 3435 482 3480; x_wconf 82' lang='lat' dir='ltr'><strong>ists</strong></span> <span class='ocrx_word' id='word_1_215' title='bbox 493 3435 560 3482; x_wconf 85' lang='lat' dir='ltr'><strong>viores</strong></span> <span class='ocrx_word' id='word_1_216' title='bbox 578 3437 677 3484; x_wconf 82' lang='lat' dir='ltr'><strong>centenis</strong></span> <span class='ocrx_word' id='word_1_217' title='bbox 695 3437 793 3487; x_wconf 85' lang='lat' dir='ltr'><strong>millibus</strong></span> <span class='ocrx_word' id='word_1_218' title='bbox 813 3438 926 3492; x_wconf 75' lang='lat' dir='ltr'><strong>librarum</strong></span> 
     </span>
     <span class='ocr_line' id='line_1_34' title="bbox 47 3493 338 3555; baseline -0.01 -11"><span class='ocrx_word' id='word_1_219' title='bbox 47 3495 204 3546; x_wconf 76' lang='lat' dir='ltr'><strong>Francicsrun</strong></span> <span class='ocrx_word' id='word_1_220' title='bbox 213 3493 338 3555; x_wconf 83' lang='lat' dir='ltr'><strong>respondet.</strong></span> 
     </span>
    </p>
   </div>
   <div class='ocr_carea' id='block_1_4' title="bbox 0 0 1086 3846">
    <p class='ocr_par' dir='ltr' id='par_1_6' title="bbox 0 0 1086 3846">
     <span class='ocr_line' id='line_1_35' title="bbox 0 0 1086 3846; baseline 0 4"><span class='ocrx_word' id='word_1_221' title='bbox 0 0 1086 3846; x_wconf 95' lang='lat' dir='ltr'><strong> </strong></span> 
     </span>
    </p>
   </div>
  </div>
 </body>
</html>
