2166 3834
124 211 263 263 acca·
391 213 459 262 nus.
486 213 532 262 rr.
583 213 661 264 css.
687 195 805 265 7.-9.
930 199 1002 270 183

125 367 231 427 tudinis
269 368 339 428 eius
378 367 451 436 dies,
485 369 566 427 nullo
600 374 689 440 melu,
724 387 763 430 sn
796 376 829 430 ut
855 373 1003 432 firmitudi-

124 483 190 526 nem
213 467 313 526 aniani
335 471 506 537 ostentaret,
529 469 619 527 etiarn
641 469 790 543 defuncto,
812 473 939 530 necdum
960 489 1004 530 se·

123 568 211 639 pullo,
239 567 360 624 curiam
398 567 543 642 ingressus
580 573 634 625 est.
689 569 900 646 consulesque,
921 572 1004 629 vsede

123 667 237 740 vulgari
265 685 322 741 per
353 667 484 741 speciem
516 667 680 725 moestitiae
711 671 858 736 sedentes,
886 671 1010 728 bonoria

124 765 240 840 locique
279 766 456 836 admonui13
490 769 521 823 cl
545 765 668 824 effusum
691 767 723 826 iu
747 752 882 826 luoriuaas
911 769 1003 826 Sena·

123 867 192 932 tum,
207 865 295 922 uicto
318 865 439 940 gemitu,
463 865 547 922 simul
573 865 704 924 oratioue
727 866 869 924 continua
895 861 1003 926 erexit.

123 963 212 1020 ‘Non
236 965 360 1038 quidem
387 963 444 1021 sibi
458 963 600 1038 ignarum,
620 981 706 1038 posse
730 966 822 1040 argui,
842 967 919 1040 qnod
944 971 1004 1023 tam

123 1063 255 1120 ‘recenti
268 1065 374 1121 dolore
388 1062 508 1120 subierit
521 1065 623 1120 oculos
647 1063 792 1120 Senatus:
813 1063 865 1120 vix
889 1063 1005 1137 propin·

123 1161 263 1232 ‘quorum
278 1163 418 1236 adloquia
444 1161 568 1227 tolerari,
584 1161 637 1218 vix
651 1161 730 1218 diem
744 1161 857 1234 adspici
871 1179 888 1218 n
902 1161 1004 1235 pleris-

124 1261 195 1332 ‘qne
210 1262 386 1334 lugentium.
402 1259 571 1334 nequcillos
582 1259 795 1318 imbecillitatis
805 1261 1003 1320 damnandos:

126 1359 174 1412 ‘se
196 1363 298 1418 lamen
313 1361 432 1418 fortioro
455 1363 561 1419 solatis
583 1379 600 1418 e
622 1363 778 1434 complexu
799 1361 934 1435 Reipubl.
955 1377 1003 1434 pe·

125 1455 269 1516 ‘livisse’
313 1459 525 1536 miseratusque
540 1465 549 1494 ⁴
563 1462 714 1535 Augustae
728 1465 887 1518 extremam
901 1477 1004 1520 senec·

126 1560 217 1626 ‘tam,
238 1560 343 1616 rudens
364 1559 459 1616 udhuc
474 1563 610 1632 nepotum
634 1565 664 1616 et
686 1566 854 1634 vergenlem
874 1565 1003 1616 aetatem

127 1657 239 1724 ‘auam,
253 1663 287 1715 ut
302 1657 474 1716 Germanici
498 1658 591 1724 liberi,
615 1657 702 1714 unios
723 1657 918 1731 praesentium
943 1673 1002 1716 ma·

25 1829 26 1834 χ
125 1756 237 1814 ‘lorum
265 1757 442 1826 levamenta,
470 1755 695 1824 inducerentur,’
722 1757 836 1830 petivit.
878 1754 1000 1830 Egressi

128 1850 284 1923 Consules,
305 1855 432 1912 firmatos
446 1854 581 1930 adloquio
601 1856 834 1913 adolescentulos
848 1856 1001 1912 deductos·

127 1967 180 2024 quc
200 1959 274 2010 ante
299 1953 457 2010 Caesarem
480 1958 621 2010 statuunt.
663 1953 775 2026 Quibus
801 1953 1001 2026 adprehensis,

128 2049 251 2108 ‘Patres
288 2051 458 2124 conscripti,
485 2051 549 2119 laos,
581 2051 684 2126 inquil,
717 2053 834 2108 orbatos
867 2057 1000 2123 parente,

127 2149 253 2207 ‘ructui
280 2155 384 2223 patruo
416 2149 552 2224 ipsorum,
579 2156 770 2224 precatusque
798 2165 871 2214 sum,
897 2165 996 2222 quam-

127 2250 233 2322 ‘qusm
259 2254 337 2306 esset
361 2247 406 2306 illl
444 2249 560 2322 propria
586 2250 710 2318 soboles,
742 2263 781 2306 nc
800 2261 894 2313 secus,
914 2263 1001 2320 quum

32 2385 36 2390 -
127 2350 230 2405 ‘suum
246 2347 427 2421 sanguinem,
447 2348 560 2405 foveret
580 2363 617 2404 ac
631 2349 755 2416 tolleret,
766 2345 879 2420 sibique
893 2349 924 2402 et
938 2363 1001 2419 pos·

126 2448 224 2505 ‘teris
251 2447 458 2504 conformaret.
499 2452 607 2519 erepto
628 2447 734 2512 Druso,
758 2461 860 2518 preces
887 2445 923 2502 ad
948 2461 1000 2502 vos

128 2548 301 2613 ‘converto
317 2545 440 2620 Diisque
454 2550 485 2602 et
498 2545 592 2618 patria
606 2562 704 2603 corum
720 2546 857 2614 obtestor,
873 2546 1000 2620 Augusti

127 2645 136 2676 ⁸
150 2650 333 2718 pronepotes,
347 2643 517 2700 clarissimis
536 2643 691 2700 maioribus
705 2643 831 2718 genitos,
849 2645 999 2720 suscipite,

26 2749 27 2753 ’
129 2731 256 2817 ‘regilc:
279 2748 407 2799 vestram
431 2759 582 2817 meamque
596 2741 695 2802 vicem
715 2745 843 2816 explete.
885 2746 925 2803 Hi
949 2761 999 2802 vo·

127 2841 197 2910 ‘bls‚
213 2841 296 2899 Nero
309 2847 338 2897 et
348 2843 452 2908 Druse,
468 2847 621 2914 pareutum
637 2843 719 2898 loco:
735 2842 778 2900 ita
792 2843 854 2901 nati
866 2844 946 2912 estis,
967 2848 999 2901 ut

127 2941 226 2997 ‘bona
260 2941 394 3014 malaque
422 2944 519 2996 vestre
553 2940 589 2996 ad
623 2939 779 3014 Rempubl.
814 2940 999 3015 pertineaul.’

128 3037 239 3114 Magno
262 3055 299 3096 ea
323 3039 401 3106 lietu,
416 3043 446 3096 et
459 3055 528 3096 mox
552 3038 766 3112 precationibus
790 3040 900 3108 iuuetis,
920 3042 1029 3103 audi-9

26 3199 27 3208 ¹
127 3143 174 3196 ta:
196 3155 247 3206 ac,
256 3137 282 3193 ai
295 3139 412 3195 modum
425 3136 551 3194 orulioui
565 3137 717 3210 posuisset,
741 3137 940 3196 misericordia
954 3139 999 3194 sui

125 3237 275 3312 gloriaque
297 3237 409 3294 animos
434 3235 615 3293 audientium
636 3235 828 3308 impleverat:
848 3237 887 3292 ad
911 3251 998 3299 vana,

156 3409 220 3456 Victo
233 3409 328 3468 gemitu]
360 3409 404 3456 lul.
415 3421 462 3454 suo.
472 3407 510 3455 vix
528 3408 620 3466 dignum
629 3401 791 3455 admonitione,
801 3398 844 3444 uisi
853 3397 930 3442 doctos
939 3394 998 3438 siros

126 3467 357 3538 cubitassevidereru.
388 3465 449 3516 linc
