2134 3826
98 208 166 258 uc.
186 211 221 256 rs.
348 207 420 254 nro.
440 206 464 252 1.
517 178 779 252 cisra-81.
923 175 972 244 os

98 369 126 420 nt
146 361 177 420 in
192 359 375 418 sententiam
398 357 516 437 Pisonis
540 357 755 426 concederetur,
776 353 825 430 qui
846 352 888 412 nil
914 370 972 412 mu·

93 463 211 520 tandum
226 464 393 517 censuerat.
435 459 607 532 Prorogatur
629 457 766 529 Poppaeo
783 453 894 510 Sabino
909 469 971 528 pro·

97 560 199 618 vincia
226 559 353 625 Moesia,
378 557 485 614 additis
512 555 627 614 Achaia
650 572 686 632 ac
711 551 897 628 Macedonia.
938 545 1028 612 luto

96 677 210 735 quoque
232 674 346 716 morum
368 655 484 714 Tiberii
504 655 567 723 luit,
590 655 761 712 continuare
785 650 915 726 imperia,
938 667 973 708 ao

98 762 254 833 plerosque
276 758 315 816 ad
333 757 421 814 finem
444 756 524 812 vitae
547 756 579 812 iu
601 754 705 812 iisdem
727 752 903 810 exercitibus
925 755 976 808 aut

99 857 354 916 iurisdictionibus
375 851 489 912 babere.
532 855 661 912 caussae
685 851 784 910 verice
809 851 976 918 traduntur;

101 959 153 1016 alii
166 955 262 1032 toedio
275 972 361 1012 nocue
376 971 467 1022 corae,
481 953 565 1012 seced
584 951 693 1032 placitu
710 969 764 1030 pro
778 949 898 1010 cnemis
920 966 977 1008 ser·

103 1055 211 1114 rosisse
222 1077 236 1120 ,·
263 1055 381 1130 quidam
402 1051 517 1124 invidio,
542 1071 576 1110 ns
597 1051 693 1129 pleuros
710 1051 889 1130 fruerentur.
910 1053 977 1108 sunt

102 1155 150 1232 qui
173 1155 360 1221 existiment,
373 1159 405 1210 ut
419 1153 557 1210 callidum
582 1153 645 1210 eius
669 1152 830 1228 ingenium,
851 1150 893 1208 ita
907 1167 978 1206 enx-

100 1255 160 1312 ium
186 1253 336 1312 iudicium.
360 1269 453 1326 neque
478 1251 558 1308 enim
571 1251 729 1309 eminentis
750 1250 871 1307 virtutes
885 1255 978 1307 secta·

101 1355 192 1422 batur,
206 1358 238 1409 et
258 1367 369 1408 rursum
383 1351 456 1408 vitia
468 1351 592 1408 oderat:
613 1369 651 1408 ex
675 1350 792 1424 optimis
817 1350 977 1423 periculum

101 1453 167 1520 sibi,
195 1469 214 1508 s
243 1450 376 1525 pessimis
402 1451 529 1507 dedecus
565 1449 710 1522 pubiicum
738 1453 893 1508 metuebat.
921 1465 979 1525 qua

101 1551 300 1610 haesitatione
324 1555 468 1622 postremo
492 1565 529 1606 co
552 1556 706 1622 prouectus
731 1557 784 1618 est,
809 1555 839 1608 ut
862 1549 979 1608 mando-

103 1651 180 1708 rerit
208 1649 379 1724 quibusdam
402 1647 576 1722 provincias,
604 1667 674 1724 quos
699 1650 798 1724 egredi
826 1652 895 1708 urbe
920 1665 979 1706 non

101 1757 161 1808 erut
173 1766 318 1823 passurus.
341 1749 387 1804 De
398 1748 527 1806 comitiis
541 1749 749 1817 consularibus,
763 1755 908 1825 quactum
925 1748 977 1822 pri·
991 1751 1028 1808 ut

104 1867 192 1914 nrum,
221 1849 275 1906 illo
302 1846 444 1920 principe,
470 1863 506 1903 uc
533 1847 673 1921 deinceps
700 1848 789 1918 luere,
815 1847 868 1906 ‘vix
900 1848 980 1923 quid·

106 1965 193 2025 quem
217 1947 333 2004 firmare
343 1946 467 2002 nussim:
490 1948 564 2004 adeo
578 1947 703 2016 diversa,
718 1966 775 2006 nou
798 1949 883 2006 modo
903 1949 981 2020 apud

106 2053 251 2113 auctores,
266 2046 318 2102 sed
341 2045 373 2101 in
386 2045 476 2118 ipsius
489 2045 666 2104 orationibus
687 2047 874 2121 reperiuntur.
917 2046 981 2104 Mo·

106 2148 152 2214 do,
185 2145 344 2202 subtractis
369 2144 590 2202 candidatorum
624 2146 800 2211 nominibus,
834 2145 981 2219 originem

106 2245 247 2320 cuiusque
275 2249 305 2300 et
334 2243 425 2301 vitam
450 2249 481 2302 et
506 2245 655 2318 stipendis
681 2243 847 2316 descripsit,
869 2249 911 2310 ut,
932 2245 981 2318 qui

108 2343 214 2411 torent,
244 2341 478 2418 intelligeretur:
499 2344 669 2420 aliquando,
698 2361 734 2400 ea
761 2359 874 2418 qnoque
895 2342 983 2416 signi·

105 2443 245 2500 bcatione
268 2444 426 2510 subtracta,
450 2443 632 2512 candidatos,
657 2445 788 2500 hortatus
813 2461 851 2500 ne
872 2443 985 2502 ambitu

115 2542 237 2602 comitis
251 2544 409 2608 turbarent,
432 2560 513 2600 susm
537 2545 572 2600 sd
594 2544 625 2600 id
646 2559 747 2600 curam
760 2543 906 2618 pollicitus
929 2552 981 2602 est.

112 2645 280 2716 plerumque
306 2658 354 2698 eos
377 2647 486 2700 tontum
509 2641 586 2719 apud
608 2660 638 2699 se
659 2643 811 2722 professos,
837 2645 986 2716 disseruit,

111 2759 230 2817 quorum
253 2739 369 2797 murina
391 2739 560 2798 Conndibus
582 2740 730 2800 scidisset:
753 2761 836 2820 posse
862 2750 887 2802 el
911 2741 986 2801 alios

108 2838 241 2918 profiteri,
265 2837 292 2896 si
312 2837 428 2914 gratiae
450 2846 501 2898 cut
523 2838 630 2899 meritis
655 2840 828 2920 confiderent.
849 2845 984 2916 speciose

110 2940 213 3007 verbis,
237 2956 269 2996 re
293 2939 404 3007 inanis,
430 2945 481 2998 out
507 2941 651 3011 subdola;
681 2947 844 3018 quantoque
872 2945 982 3000 maiore

112 3037 253 3095 libertatis
274 3037 405 3112 imagine
424 3041 605 3114 tegebantur,
619 3045 702 3100 tanto
721 3048 856 3116 eruptura
879 3044 918 3100 nd
939 3042 988 3098 in-

113 3136 217 3194 tensius
232 3136 399 3195 servitium.
738 3181 874 3310 M
894 3178 987 3288 Μ
1016 3183 1047 3334 q}

987 3247 1028 3310 ,Ψ

608 3333 630 3372 ᾖ
1010 3315 1016 3334 2

150 3351 220 3390 101„
240 3353 265 3392 1.
582 3341 603 3392 a
874 3387 880 3398 ,
1009 3334 1014 3396 j

864 3389 946 3492 lusus
970 3391 1027 3461 bs
