2134 3826
125 232 157 278 a
173 231 203 280 c.
224 234 255 279 rs.
344 231 415 280 nm.
439 232 462 278 1.
514 231 598 280 car.
624 211 682 280 69.
709 210 767 280 60.
955 217 1000 284 bl

127 387 237 456 ‘perta
263 405 329 444 esse
355 385 509 460 supplicia,
524 387 625 470 nescia
653 387 777 446 tribula:
798 404 872 462 quse
888 389 1005 464 qnando

103 491 110 517 ‘
146 485 294 552 exuerint,
318 485 480 559 inritusque
510 486 682 544 discesserit
706 487 758 544 ille
786 487 863 544 inter
885 489 1004 546 numina

123 583 261 642 ‘dicatus
291 588 452 660 Augustus,
467 586 518 642 ille
542 587 672 644 delectus
694 582 843 653 Tiberius,
858 603 895 644 ne
916 587 1005 658 impe·

126 681 234 740 ‘ritum
265 685 530 749 adolescentulum,
568 703 605 742 ne
637 683 808 744 seditiosum
843 687 1005 744 exercitum

127 786 356 853 ‘pavescerent
414 783 448 839 Si
469 784 601 856 patrima,
622 791 766 858 pamntes,
795 785 916 859 antiqua
937 787 1005 842 mal·

127 881 220 946 ‘lent,
241 899 328 956 quam
348 883 483 940 dominos
503 888 534 938 et
553 883 684 940 colonias
705 901 815 942 novas:
840 883 1005 942 Arminium

128 979 255 1052 ‘polian
275 981 387 1054 gloriae
401 999 437 1038 ac
466 982 619 1049 libertatis,
637 1000 722 1056 quam
743 983 906 1056 Segestem,
927 981 1005 1056 flagi-

128 1078 241 1134 ‘tiosee
271 1080 423 1138 servitutis
444 1081 559 1148 (lucem,
579 1079 785 1156 sequerentur.'

169 1177 290 1235 Conciti
305 1195 358 1250 per
370 1179 446 1235 baec
468 1197 526 1236 non
548 1182 634 1238 modo
655 1179 808 1248 Cherusci,
822 1181 873 1238 sed
893 1185 1040 1253 center-64

128 1275 226 1334 minue
239 1283 361 1348 gentes:
383 1284 550 1350 tractusque
564 1279 595 1336 in
611 1281 702 1352 perlis
724 1279 934 1353 Inguiomerus,
951 1281 1005 1338 Ar·

127 1375 210 1434 minii
227 1383 355 1449 patruus,
370 1377 463 1434 veteri
476 1378 552 1449 apud
567 1377 716 1436 Romanos
729 1377 910 1436 auctoritate.
926 1380 1004 1436 unde

128 1477 219 1533 maior
232 1476 356 1534 Caesari
371 1483 473 1534 metus
489 1481 519 1533 et
535 1495 571 1533 ne
593 1479 701 1534 bellum
716 1481 792 1536 mole
814 1496 871 1536 una
890 1478 1004 1552 ingrue-

129 1581 179 1640 ret,
195 1576 369 1639 Caecinam,
383 1593 450 1632 cum
465 1575 654 1649 quadraginta
673 1577 839 1634 cohortibus
853 1577 1004 1644 Romanis,

129 1673 317 1732 distrahendo
331 1673 418 1739 hosti,
433 1691 484 1746 per
504 1675 668 1742 Bructeros,
679 1677 715 1734 all
731 1675 837 1734 flumen
860 1675 1004 1734 Amisiam

129 1773 225 1830 mittit.
242 1773 372 1847 equitem
387 1773 470 1829 Pedo
483 1773 645 1846 praelectus
659 1773 763 1832 tinibus
780 1775 939 1832 Frisiorum
953 1775 1003 1831 ‹lu-

129 1873 177 1930 cit.
192 1873 257 1944 ipse
271 1872 423 1944 impositas
438 1873 563 1930 navibus
577 1880 697 1947 quatuor
712 1873 842 1947 legiones
857 1874 1002 1946 periacus

129 1972 229 2028 rexit:
253 1971 397 2045 simulque
412 1973 511 2045 pedes,
525 1991 622 2046 eques,
646 1971 759 2038 classis,
773 1973 848 2044 apud
871 1971 1002 2044 praedio·

129 2075 187 2128 lum
208 2087 326 2127 amnem
346 2087 524 2128 convenere.
565 2071 770 2136 choenicum
788 2069 900 2126 auxilia
920 2069 1002 2142 polli-

129 2175 271 2234 serentur,
286 2168 315 2225 in
330 2169 533 2226 commilitium
541 2169 647 2227 adsciti
660 2176 737 2226 sunl.
780 2169 936 2225 Bructeros
949 2185 1002 2226 sua

131 2267 240 2324 urentis
275 2267 415 2337 expedita
438 2285 505 2324 cum
541 2285 629 2325 manu
654 2269 689 2326 L.
717 2265 885 2330 Stertinius,
913 2265 1001 2324 missu

132 2363 311 2435 Germanici,
323 2364 415 2424 indit:
436 2367 567 2443 interque
582 2369 706 2426 caedem
720 2371 751 2424 et
773 2367 908 2441 praedam
923 2384 1001 2440 repe·

131 2546 221 2589 norunt:
236 2556 276 2588 noa
286 2542 309 2589 in
328 2541 410 2598 limite,
428 2543 511 2590 virtute
528 2559 568 2591 ons
585 2543 735 2598 liberavimus,
746 2548 771 2589 et
787 2557 855 2605 porro
872 2543 999 2591 liberemus.

132 2601 183 2658 Ilipa
222 2601 284 2648 Mihi
304 2602 394 2650 videtur
406 2617 482 2648 seusus
492 2604 528 2648 bic
538 2619 602 2649 esre:
621 2603 679 2650 Aliis
688 2604 790 2659 gentibus
810 2605 932 2651 excusatius
942 2617 998 2659 esse,

132 2661 149 2708 ri
160 2661 250 2720 imperio
263 2663 364 2706 tlcnrauc
374 2676 418 2707 non
429 2662 497 2707 valde
506 2663 642 2708 resisterent.
676 2663 765 2708 Etenim
777 2663 879 2720 ignorare
889 2663 998 2710 rationem

133 2719 215 2780 imperii
227 2719 332 2769 Romani,
343 2735 386 2765 non
398 2729 501 2780 expertas
509 2735 557 2766 esse
566 2719 672 2781 supplicia
682 2727 705 2766 el
715 2721 838 2774 saeviliam,
850 2721 932 2768 nescire
941 2735 998 2782 quae

133 2785 155 2826 et
176 2788 255 2836 quanta
276 2777 359 2824 tribula
378 2779 495 2848 imponere
518 2780 618 2826 soleant:
644 2777 761 2827 &nonnis
780 2781 867 2826 veniam
887 2781 936 2826 deri
955 2793 999 2825 nou

131 2852 197 2899 posse,
209 2837 226 2881 si
236 2836 328 2881 subeant
338 2838 456 2898 imperium
467 2839 601 2891 Romanurn,
611 2853 660 2884 cura
672 2839 737 2898 plane
746 2840 826 2893 sciant,
846 2841 998 2885 Romanorum

134 2901 210 2960 quanta
220 2895 247 2940 sit
257 2895 359 2948 saevitia,
369 2901 394 2940 et
409 2897 513 2950 avaritia,
529 2904 552 2943 et
572 2897 661 2957 quando
670 2913 694 2943 ae
703 2899 732 2942 ab
741 2913 769 2944 eo
786 2897 902 2944 liberarint
910 2897 999 2942 fortiter

135 2955 256 3001 resistendo.
278 2967 348 3014 neque
369 2955 440 3012 subigi
452 2956 487 3000 vel
506 2955 537 3000 ab
550 2963 657 3014 Augusto,
674 2957 711 3003 vel
730 2971 744 3002 s
761 2957 856 3002 Tiberio
876 2955 998 3016 potuerint,

134 3022 171 3061 eto.
182 3013 236 3058 Ero.
269 3011 405 3068 ignorantia
414 3014 472 3072 apud
484 3015 539 3060 Tne.
550 3021 591 3060 est.
599 3016 734 3072 ignorantes,
742 3030 780 3062 reu
788 3015 847 3076 qnod
855 3015 998 3072 igmralrnat.

136 3073 236 3121 Siarillter
245 3086 264 3116 c.
276 3075 312 3116 69.
323 3079 374 3118 extr
391 3073 473 3127 peritii
489 3081 513 3118 et
523 3089 590 3134 saepe
598 3073 660 3120 alibi.

163 3149 267 3198 Patriam.
277 3151 388 3210 parentes]
419 3151 512 3198 Clarum
522 3159 556 3197 eal
566 3153 588 3198 b.
600 3153 616 3199 l.
625 3157 726 3209 paream
737 3167 780 3197 non
790 3166 846 3206 esse,
856 3152 893 3212 qui
910 3155 1000 3210 parent,

135 3213 243 3262 lxmam:
259 3217 298 3261 sed
316 3215 395 3273 quibua
413 3215 480 3260 vilain
497 3215 610 3262 debemus.
641 3217 695 3264 vid.
715 3218 745 3262 de
755 3216 877 3262 beclorma
893 3213 1000 3274 loquendi

136 3279 193 3324 cort.
207 3277 235 3320 ad
245 3275 339 3320 Sallust.
357 3273 426 3320 Cutil.
438 3289 458 3319 c.
468 3277 491 3320 6.
523 3275 583 3320 Ern.

168 3353 235 3400 Veteri
244 3368 278 3409 up.
300 3352 515 3420 Rmn.auclurr'lale]
555 3352 676 3411 Nonquorl
697 3350 782 3394 amicus
799 3348 866 3391 Rom.
886 3349 952 3394 esset,
963 3340 1005 3382 sed

151 3415 190 3460 uod
199 3413 230 3458 vir
239 3413 303 3457 tortis
312 3417 335 3455 el
355 3411 460 3472 prudens,
477 3426 539 3458 eurus
548 3423 630 3468 magna
639 3409 700 3469 apud
714 3407 781 3452 Rom.
798 3401 884 3458 opinio,
903 3405 929 3442 ut
944 3399 1007 3440 reste

138 3429 231 3523 itala-b.
244 3471 351 3532 explicat.
382 3469 443 3518 Era.
960 3491 964 3495 .
