2164 3846
89 190 164 264 264
412 208 597 262 auumrrsr
669 192 674 200 ’
810 213 840 261 s.
854 212 886 262 v.
903 217 960 265 aaa.
1072 267 1073 274 χ

89 364 306 427 ‘reverentiam
324 364 357 424 iu
378 381 441 434 nos,
453 367 542 424 decus
566 369 685 442 quisque
708 371 844 424 suomet
865 367 981 428 tidem.

89 463 290 527 ‘retinerent’
308 463 378 522 exin
392 482 458 522 cum
482 466 644 539 legionibus
656 466 688 523 in
714 465 833 538 Syriam
846 483 966 527 remea.

36 553 143 624 savit.
184 565 267 638 Quas
292 565 402 636 duabus
416 541 585 622 aestatibus
612 571 703 637 gesta,
716 565 870 632 coniunxi,
895 579 957 640 quc

88 663 407 740 requiesceret-animus
426 680 443 718 a
457 663 633 720 ‘domesticis
643 662 748 720 matis.
774 663 861 720 .Non
874 663 955 720 euim

89 763 253 830 Tiberium,
273 779 444 839 quamquam
469 763 594 819 triennio
614 767 676 835 post
691 762 814 820 caedem
841 760 955 830 Seiani,

87 879 162 940 quae
184 869 298 920 ceteros
312 865 434 920 muttire
448 864 553 928 soient,
566 869 694 932 tempus,
718 878 831 934 preces,
852 861 955 929 satias,

86 961 270 1036 mitigabant,
282 961 350 1036 quin
366 961 486 1027 incerta,
501 963 549 1016 vet
575 961 693 1026 abolita,
708 977 758 1032 pro
772 958 955 1033 gravissimis

87 1065 118 1118 et
132 1060 296 1118 recentibus
323 1059 444 1132 puniret.
486 1059 531 1116 Eo
545 1067 622 1116 metu
638 1059 790 1116 Fulcinius
804 1057 890 1124 Trio,
909 1057 956 1127 iu·
1072 1119 1073 1130 χ

86 1159 216 1236 gruentis
229 1166 410 1217 accusatores
425 1159 500 1216 haud
515 1177 673 1231 perpessus,
688 1157 827 1230 supremis
847 1157 955 1213 tabuiis
1072 1179 1073 1240 p

86 1260 177 1316 nutu
191 1263 222 1315 et
235 1258 343 1316 atrocia
364 1259 396 1316 in
421 1258 601 1323 Macronem,
614 1275 650 1315 ac
675 1257 844 1330 praecipuos
857 1257 955 1314 tiber·

86 1360 179 1414 torum
198 1357 342 1422 Caesaris,
356 1357 526 1430 composuit,
539 1356 596 1430 ipsi
605 1347 720 1434 fluxura
735 1354 812 1414 sernia
825 1360 953 1422 numos,
1072 1349 1073 1376 ³

84 1460 112 1512 at
123 1452 251 1512 emano
264 1454 393 1514 maetam
406 1454 478 1513 nebat
490 1453 619 1512 exsilium
631 1455 815 1512 obiectaudo.
837 1503 840 1508 .
858 1456 953 1527 Quae,

85 1554 123 1611 ab
150 1553 303 1610 heredibus
328 1557 485 1622 occultata,
516 1555 632 1612 recitari
678 1554 817 1611 Tiberius
845 1555 951 1612 iussit:

84 1651 257 1727 patientiam
272 1651 413 1710 libertatis
426 1653 540 1710 atienae
553 1659 711 1718 ostentans,
725 1660 755 1710 et
765 1659 952 1724 contemptor
1072 1659 1073 1736 ᾗ

85 1767 154 1808 suae
167 1749 314 1814 infamiae,
327 1769 365 1808 en
379 1754 521 1810 scelerum
544 1751 645 1810 Seiani
659 1751 708 1808 diu
731 1751 857 1817 nescius,
879 1768 951 1810 mox
1072 1739 1073 1756 ¹

85 1866 199 1926 quoquo
222 1851 309 1908 modo
328 1850 408 1908 dicta
432 1851 565 1924 autgari:
581 1851 716 1916 malebat,
750 1849 950 1923 veritatisque,

83 1948 133 2007 cui
151 1949 280 2007 adulatio
302 1949 402 2016 officit,
424 1967 476 2022 per
499 1949 602 2022 probra
621 1951 725 2006 saitem
748 1965 854 2023 gnarus
874 1949 949 2007 fieri.

84 2043 194 2106 iisdem
214 2049 316 2106 diebus
346 2047 473 2106 Granius
507 2047 678 2116 Martianus,
706 2049 840 2115 Senator,
864 2065 883 2104 a
910 2047 949 2106 G.

84 2147 222 2206 Graccho
231 2146 389 2206 maiestatis
399 2149 567 2220 postulatus,
578 2148 639 2206 vim
649 2147 728 2205 vitae
741 2165 810 2205 suae
824 2148 949 2206 adtulit:

85 2245 248 2322 Tatiusque
261 2246 428 2314 Gratianus,
445 2247 581 2304 Praetura
604 2247 730 2314 iunctus,
751 2249 818 2322 lege
841 2248 952 2306 essem,

31 2343 73 2404 39
84 2352 245 2404 extremum
265 2347 302 2404 ad
330 2344 502 2420 supptieium
535 2345 697 2404 damnatus.
737 2347 803 2404 Nee
817 2347 950 2420 dispares

85 2445 268 2504 Trebettieni
283 2447 347 2504 Ruti
362 2450 393 2503 et
416 2445 514 2530 tpextii
538 2445 699 2502 Paconiani
720 2446 842 2504 exitus:
864 2447 949 2504 Nam

84 2543 290 2602 Trebellianus
311 2562 361 2602 sua
381 2561 467 2602 mauu
481 2543 607 2626 cecidit3
628 2543 810 2602 Pacuuianus
832 2543 864 2602 in
885 2561 949 2602 car·

82 2643 210 2710 cere,ob
233 2643 480 2701 carminaitticiu
501 2641 667 2716 Principem
689 2641 832 2710 factitata,
855 2648 948 2702 strau-

82 2742 195 2814 gulatus
222 2746 275 2806 est,
317 2742 400 2800 Haec
434 2741 571 2799 Tiberius
601 2758 659 2800 nou
694 2740 832 2808 mari-ut
865 2741 949 2810 otim,

82 2837 320 2912 divisus,·ueque
344 2857 395 2910 per
427 2839 598 2914 longinquos
632 2839 747 2896 nuutios
771 2837 949 2911 accipiebat,

82 2936 133 2994 sed
148 2937 246 2992 urbem
260 2936 359 3004 iuxta3
380 2939 483 2994 eodem
496 2945 527 2994 ut
540 2938 597 3006 die,
612 2940 658 2995 vet
674 2938 769 2995 noctis
780 2937 949 3008 interiectu,

82 3034 186 3092 litteris
227 3033 385 3090 Consulum
425 3037 613 3092 rescriberet:
653 3037 734 3111 quasi
778 3037 948 3108 adspiciens

81 3132 238 3188 undantem
253 3147 304 3201 per
316 3131 416 3187 domos
436 3135 616 3205 sauguinem,
637 3144 686 3192 aut
706 3152 806 3192 manus
831 3135 949 3194 carnifi-

81 3245 157 3284 cum.
199 3228 274 3283 Pina
288 3227 357 3282 anni
383 3229 535 3300 Poppaeus
560 3231 686 3290 Sabinus
709 3233 856 3290 concessit
873 3233 949 3306 vita,

81 3326 210 3381 modicus
224 3323 352 3396 originis,
367 3323 534 3398 Principum
548 3329 678 3388 amicitia
704 3333 896 3390 Consulatum
911 3353 952 3394 ac
1072 3361 1073 3390 ÷

81 3415 252 3495 triumphale
278 3421 368 3478 decus
397 3423 539 3495 adeptus:
563 3429 757 3507 maximisque
784 3435 950 3507 provinciis
