<?xml version="1.0" encoding="UTF-8"?>
<!DOCTYPE html PUBLIC "-//W3C//DTD XHTML 1.0 Transitional//EN"
    "http://www.w3.org/TR/xhtml1/DTD/xhtml1-transitional.dtd">
<html xmlns="http://www.w3.org/1999/xhtml" xml:lang="en" lang="en">
 <head>
  <title>
</title>
<meta http-equiv="Content-Type" content="text/html;charset=utf-8" />
  <meta name='ocr-system' content='tesseract 3.04.00' />
  <meta name='ocr-capabilities' content='ocr_page ocr_carea ocr_par ocr_line ocrx_word'/>
</head>
<body>
  <div class='ocr_page' id='page_1' title='image "./operaexrecensio01tacigoog_0320.png"; bbox 0 0 2164 3846; ppageno 0'>
   <div class='ocr_carea' id='block_1_1' title="bbox 106 197 979 284">
    <p class='ocr_par' dir='ltr' id='par_1_1' title="bbox 106 197 979 284">
     <span class='ocr_line' id='line_1_1' title="bbox 106 197 979 284; baseline 0.002 -15"><span class='ocrx_word' id='word_1_1' title='bbox 106 217 179 270; x_wconf 77' lang='lat' dir='ltr'>sc.</span> <span class='ocrx_word' id='word_1_2' title='bbox 195 221 234 267; x_wconf 80' lang='lat' dir='ltr'>rr.</span> <span class='ocrx_word' id='word_1_3' title='bbox 366 215 435 266; x_wconf 82' lang='lat' dir='ltr'>urn.</span> <span class='ocrx_word' id='word_1_4' title='bbox 462 215 510 284; x_wconf 68' lang='grc' dir='ltr'>ιι.</span> <span class='ocrx_word' id='word_1_5' title='bbox 564 217 643 266; x_wconf 74' lang='lat' dir='ltr'>car.</span> <span class='ocrx_word' id='word_1_6' title='bbox 660 197 779 267; x_wconf 83' lang='lat' dir='ltr'>d.-6.</span> <span class='ocrx_word' id='word_1_7' title='bbox 902 200 979 271; x_wconf 71' lang='lat' dir='ltr'>dib</span> 
     </span>
    </p>
   </div>
   <div class='ocr_carea' id='block_1_2' title="bbox 99 369 1045 2914">
    <p class='ocr_par' dir='ltr' id='par_1_2' title="bbox 99 369 1045 2914">
     <span class='ocr_line' id='line_1_2' title="bbox 105 369 977 450; baseline 0.002 -18"><span class='ocrx_word' id='word_1_8' title='bbox 105 371 147 432; x_wconf 90' lang='lat' dir='ltr'>cit</span> <span class='ocrx_word' id='word_1_9' title='bbox 171 369 316 430; x_wconf 71' lang='lat' dir='ltr'>Vitellius</span> <span class='ocrx_word' id='word_1_10' title='bbox 328 371 494 433; x_wconf 83' lang='lat' dir='ltr'>sestertium</span> <span class='ocrx_word' id='word_1_11' title='bbox 517 371 618 432; x_wconf 80' lang='lat' dir='ltr'>decies</span> <span class='ocrx_word' id='word_1_12' title='bbox 644 373 780 444; x_wconf 78' lang='lat' dir='ltr'>Sosibi03</span> <span class='ocrx_word' id='word_1_13' title='bbox 801 377 810 406; x_wconf 93' lang='lat'>‘</span> <span class='ocrx_word' id='word_1_14' title='bbox 823 373 900 450; x_wconf 83' lang='lat' dir='ltr'>quod</span> <span class='ocrx_word' id='word_1_15' title='bbox 913 375 977 434; x_wconf 87' lang='lat' dir='ltr'>Bri·</span> 
     </span>
     <span class='ocr_line' id='line_1_3' title="bbox 106 470 977 546; baseline 0.005 -18"><span class='ocrx_word' id='word_1_16' title='bbox 106 470 279 530; x_wconf 85' lang='lat' dir='ltr'>‘tannicum</span> <span class='ocrx_word' id='word_1_17' title='bbox 301 471 475 546; x_wconf 76' lang='lat' dir='ltr'>praeceptis,</span> <span class='ocrx_word' id='word_1_18' title='bbox 502 471 658 532; x_wconf 72' lang='lat' dir='ltr'>Claudiurn</span> <span class='ocrx_word' id='word_1_19' title='bbox 680 473 821 539; x_wconf 87' lang='lat' dir='ltr'>consiliis,</span> <span class='ocrx_word' id='word_1_20' title='bbox 842 472 977 532; x_wconf 67' lang='lat' dir='ltr'>iuvaret?</span> 
     </span>
     <span class='ocr_line' id='line_1_4' title="bbox 106 569 977 648; baseline 0 -18"><span class='ocrx_word' id='word_1_21' title='bbox 106 569 239 644; x_wconf 78' lang='lat' dir='ltr'>Rogatus</span> <span class='ocrx_word' id='word_1_22' title='bbox 259 569 435 628; x_wconf 82' lang='lat' dir='ltr'>sententiam</span> <span class='ocrx_word' id='word_1_23' title='bbox 458 575 489 628; x_wconf 85' lang='lat' dir='ltr'>et</span> <span class='ocrx_word' id='word_1_24' title='bbox 511 571 631 644; x_wconf 85' lang='lat' dir='ltr'>Scipio:</span> <span class='ocrx_word' id='word_1_25' title='bbox 651 576 738 632; x_wconf 88' lang='lat' dir='ltr'>‘curu</span> <span class='ocrx_word' id='word_1_26' title='bbox 751 569 848 639; x_wconf 87' lang='lat' dir='ltr'>idem,’</span> <span class='ocrx_word' id='word_1_27' title='bbox 873 571 977 648; x_wconf 87' lang='lat' dir='ltr'>inquit,</span> 
     </span>
     <span class='ocr_line' id='line_1_5' title="bbox 105 666 976 746; baseline 0.003 -20"><span class='ocrx_word' id='word_1_28' title='bbox 105 669 163 726; x_wconf 89' lang='lat' dir='ltr'>‘de</span> <span class='ocrx_word' id='word_1_29' title='bbox 188 668 322 726; x_wconf 78' lang='lat' dir='ltr'>admissis</span> <span class='ocrx_word' id='word_1_30' title='bbox 346 669 501 744; x_wconf 74' lang='lat' dir='ltr'><strong>Poppaeae</strong></span> <span class='ocrx_word' id='word_1_31' title='bbox 525 666 660 738; x_wconf 77' lang='lat' dir='ltr'>seutiam,</span> <span class='ocrx_word' id='word_1_32' title='bbox 687 671 761 746; x_wconf 88' lang='lat' dir='ltr'>qnod</span> <span class='ocrx_word' id='word_1_33' title='bbox 789 687 900 739; x_wconf 86' lang='lat' dir='ltr'>omnes,</span> <span class='ocrx_word' id='word_1_34' title='bbox 928 690 976 744; x_wconf 92' lang='lat' dir='ltr'>pu·</span> 
     </span>
     <span class='ocr_line' id='line_1_6' title="bbox 105 767 977 846; baseline 0.005 -22"><span class='ocrx_word' id='word_1_35' title='bbox 105 771 199 833; x_wconf 84' lang='lat' dir='ltr'>‘tcte,</span> <span class='ocrx_word' id='word_1_36' title='bbox 218 784 265 824; x_wconf 88' lang='lat' dir='ltr'>me</span> <span class='ocrx_word' id='word_1_37' title='bbox 287 767 365 824; x_wconf 89' lang='lat' dir='ltr'>idem</span> <span class='ocrx_word' id='word_1_38' title='bbox 388 768 497 835; x_wconf 79' lang='lat' dir='ltr'>dicere,</span> <span class='ocrx_word' id='word_1_39' title='bbox 518 769 595 842; x_wconf 88' lang='lat' dir='ltr'>quud</span> <span class='ocrx_word' id='word_1_40' title='bbox 615 786 733 844; x_wconf 88' lang='lat' dir='ltr'>omnes:</span> <span class='ocrx_word' id='word_1_41' title='bbox 755 770 884 846; x_wconf 73' lang='lat' dir='ltr'>eleganti</span> <span class='ocrx_word' id='word_1_42' title='bbox 906 775 977 828; x_wconf 88' lang='lat' dir='ltr'>tem·</span> 
     </span>
     <span class='ocr_line' id='line_1_7' title="bbox 104 863 976 941; baseline 0.002 -19"><span class='ocrx_word' id='word_1_43' title='bbox 104 871 278 940; x_wconf 82' lang='lat' dir='ltr'>peramento</span> <span class='ocrx_word' id='word_1_44' title='bbox 310 866 388 926; x_wconf 90' lang='lat' dir='ltr'>inter</span> <span class='ocrx_word' id='word_1_45' title='bbox 411 863 597 941; x_wconf 81' lang='lat' dir='ltr'>coniugalem</span> <span class='ocrx_word' id='word_1_46' title='bbox 625 884 762 935; x_wconf 85' lang='lat' dir='ltr'>amorem,</span> <span class='ocrx_word' id='word_1_47' title='bbox 795 874 826 926; x_wconf 89' lang='lat' dir='ltr'>et</span> <span class='ocrx_word' id='word_1_48' title='bbox 854 869 976 926; x_wconf 82' lang='lat' dir='ltr'>Senato-</span> 
     </span>
     <span class='ocr_line' id='line_1_8' title="bbox 103 959 1007 1027; baseline -0.002 -1"><span class='ocrx_word' id='word_1_49' title='bbox 103 965 179 1026; x_wconf 81' lang='lat' dir='ltr'>sicm</span> <span class='ocrx_word' id='word_1_50' title='bbox 207 965 423 1024; x_wconf 84' lang='lat' dir='ltr'>necessitatem.</span> <span class='ocrx_word' id='word_1_51' title='bbox 465 966 629 1027; x_wconf 75' lang='lat' dir='ltr'>Continuus</span> <span class='ocrx_word' id='word_1_52' title='bbox 654 967 725 1024; x_wconf 91' lang='lat' dir='ltr'>iude</span> <span class='ocrx_word' id='word_1_53' title='bbox 748 971 777 1024; x_wconf 92' lang='lat' dir='ltr'>et</span> <span class='ocrx_word' id='word_1_54' title='bbox 801 984 906 1024; x_wconf 85' lang='lat' dir='ltr'>saevus</span> <span class='ocrx_word' id='word_1_55' title='bbox 929 959 1007 1024; x_wconf 76' lang='lat' dir='ltr'>erc-5</span> 
     </span>
     <span class='ocr_line' id='line_1_9' title="bbox 103 1063 976 1139; baseline -0.001 -16"><span class='ocrx_word' id='word_1_56' title='bbox 103 1064 246 1123; x_wconf 81' lang='lat' dir='ltr'>cusandis</span> <span class='ocrx_word' id='word_1_57' title='bbox 267 1063 323 1120; x_wconf 88' lang='lat' dir='ltr'>reis</span> <span class='ocrx_word' id='word_1_58' title='bbox 346 1064 465 1130; x_wconf 84' lang='lat' dir='ltr'>Sollius,</span> <span class='ocrx_word' id='word_1_59' title='bbox 489 1064 629 1139; x_wconf 82' lang='lat' dir='ltr'>multique</span> <span class='ocrx_word' id='word_1_60' title='bbox 649 1064 790 1122; x_wconf 73' lang='lat' dir='ltr'>audaciae</span> <span class='ocrx_word' id='word_1_61' title='bbox 804 1065 866 1122; x_wconf 87' lang='lat' dir='ltr'>eius</span> <span class='ocrx_word' id='word_1_62' title='bbox 880 1082 976 1122; x_wconf 85' lang='lat' dir='ltr'>aemu-</span> 
     </span>
     <span class='ocr_line' id='line_1_10' title="bbox 103 1161 975 1236; baseline 0.001 -14"><span class='ocrx_word' id='word_1_63' title='bbox 103 1162 137 1222; x_wconf 85' lang='lat' dir='ltr'>li.</span> <span class='ocrx_word' id='word_1_64' title='bbox 158 1180 228 1220; x_wconf 87' lang='lat' dir='ltr'>nam</span> <span class='ocrx_word' id='word_1_65' title='bbox 240 1167 347 1220; x_wconf 83' lang='lat' dir='ltr'>cuncta</span> <span class='ocrx_word' id='word_1_66' title='bbox 371 1165 468 1236; x_wconf 80' lang='lat' dir='ltr'>legum</span> <span class='ocrx_word' id='word_1_67' title='bbox 489 1171 520 1220; x_wconf 90' lang='lat' dir='ltr'>et</span> <span class='ocrx_word' id='word_1_68' title='bbox 544 1161 767 1236; x_wconf 79' lang='lat' dir='ltr'>Magistratunm</span> <span class='ocrx_word' id='word_1_69' title='bbox 786 1163 883 1222; x_wconf 88' lang='lat' dir='ltr'>munia</span> <span class='ocrx_word' id='word_1_70' title='bbox 899 1164 930 1220; x_wconf 92' lang='lat' dir='ltr'>in</span> <span class='ocrx_word' id='word_1_71' title='bbox 943 1182 975 1223; x_wconf 83' lang='lat' dir='ltr'>se</span> 
     </span>
     <span class='ocr_line' id='line_1_11' title="bbox 104 1260 975 1334; baseline 0 -14"><span class='ocrx_word' id='word_1_72' title='bbox 104 1261 225 1320; x_wconf 87' lang='lat' dir='ltr'>trahens</span> <span class='ocrx_word' id='word_1_73' title='bbox 251 1261 395 1333; x_wconf 72' lang='lat' dir='ltr'>Princeps</span> <span class='ocrx_word' id='word_1_74' title='bbox 419 1261 571 1318; x_wconf 86' lang='lat' dir='ltr'>materiam</span> <span class='ocrx_word' id='word_1_75' title='bbox 599 1260 757 1334; x_wconf 84' lang='lat' dir='ltr'>praedandi</span> <span class='ocrx_word' id='word_1_76' title='bbox 788 1263 975 1334; x_wconf 78' lang='lat' dir='ltr'>patefecerat.</span> 
     </span>
     <span class='ocr_line' id='line_1_12' title="bbox 104 1357 1002 1432; baseline 0 -14"><span class='ocrx_word' id='word_1_77' title='bbox 104 1375 163 1418; x_wconf 76' lang='lat' dir='ltr'>nec</span> <span class='ocrx_word' id='word_1_78' title='bbox 196 1357 355 1432; x_wconf 80' lang='lat' dir='ltr'>quidquam</span> <span class='ocrx_word' id='word_1_79' title='bbox 384 1358 518 1432; x_wconf 81' lang='lat' dir='ltr'>publicae</span> <span class='ocrx_word' id='word_1_80' title='bbox 544 1357 650 1418; x_wconf 82' lang='lat' dir='ltr'>mercis</span> <span class='ocrx_word' id='word_1_81' title='bbox 684 1363 745 1418; x_wconf 89' lang='lat' dir='ltr'>tarn</span> <span class='ocrx_word' id='word_1_82' title='bbox 771 1363 877 1420; x_wconf 84' lang='lat' dir='ltr'>renale</span> <span class='ocrx_word' id='word_1_83' title='bbox 911 1360 1002 1430; x_wconf 47' lang='lat' dir='ltr'>luit*</span> 
     </span>
     <span class='ocr_line' id='line_1_13' title="bbox 104 1457 975 1530; baseline 0.002 -16"><span class='ocrx_word' id='word_1_84' title='bbox 104 1475 191 1530; x_wconf 83' lang='lat' dir='ltr'>quarn</span> <span class='ocrx_word' id='word_1_85' title='bbox 219 1458 427 1514; x_wconf 74' lang='lat' dir='ltr'>aduocatorum</span> <span class='ocrx_word' id='word_1_86' title='bbox 454 1457 589 1529; x_wconf 85' lang='lat' dir='ltr'>pertidia:</span> <span class='ocrx_word' id='word_1_87' title='bbox 616 1459 701 1527; x_wconf 74' lang='lat' dir='ltr'>allec,</span> <span class='ocrx_word' id='word_1_88' title='bbox 725 1463 758 1516; x_wconf 86' lang='lat' dir='ltr'>ut</span> <span class='ocrx_word' id='word_1_89' title='bbox 784 1459 907 1529; x_wconf 75' lang='lat' dir='ltr'>Sentius,</span> <span class='ocrx_word' id='word_1_90' title='bbox 931 1459 975 1516; x_wconf 89' lang='lat' dir='ltr'>in·</span> 
     </span>
     <span class='ocr_line' id='line_1_14' title="bbox 105 1554 976 1636; baseline 0.007 -24"><span class='ocrx_word' id='word_1_91' title='bbox 105 1555 199 1630; x_wconf 83' lang='lat' dir='ltr'>signis</span> <span class='ocrx_word' id='word_1_92' title='bbox 231 1554 334 1636; x_wconf 78' lang='lat' dir='ltr'>Eques</span> <span class='ocrx_word' id='word_1_93' title='bbox 364 1555 521 1623; x_wconf 80' lang='lat' dir='ltr'>Romanus,</span> <span class='ocrx_word' id='word_1_94' title='bbox 548 1555 766 1632; x_wconf 76' lang='lat' dir='ltr'>upradriugentis</span> <span class='ocrx_word' id='word_1_95' title='bbox 793 1571 976 1621; x_wconf 79' lang='lat' dir='ltr'>nummorum</span> 
     </span>
     <span class='ocr_line' id='line_1_15' title="bbox 103 1651 974 1730; baseline 0.005 -18"><span class='ocrx_word' id='word_1_96' title='bbox 103 1651 235 1712; x_wconf 72' lang='lat' dir='ltr'>millibus</span> <span class='ocrx_word' id='word_1_97' title='bbox 268 1653 364 1712; x_wconf 84' lang='lat' dir='ltr'>Suiliu</span> <span class='ocrx_word' id='word_1_98' title='bbox 394 1654 480 1721; x_wconf 84' lang='lat' dir='ltr'>datis,</span> <span class='ocrx_word' id='word_1_99' title='bbox 506 1658 536 1710; x_wconf 91' lang='lat' dir='ltr'>et</span> <span class='ocrx_word' id='word_1_100' title='bbox 564 1654 684 1730; x_wconf 76' lang='lat' dir='ltr'>cognita</span> <span class='ocrx_word' id='word_1_101' title='bbox 713 1656 974 1728; x_wconf 66' lang='lat' dir='ltr'>proevaucatioac</span> 
     </span>
     <span class='ocr_line' id='line_1_16' title="bbox 102 1751 1045 1830; baseline -0.005 -17"><span class='ocrx_word' id='word_1_102' title='bbox 102 1753 179 1814; x_wconf 86' lang='lat' dir='ltr'>terro</span> <span class='ocrx_word' id='word_1_103' title='bbox 206 1751 238 1810; x_wconf 91' lang='lat' dir='ltr'>in</span> <span class='ocrx_word' id='word_1_104' title='bbox 259 1751 347 1810; x_wconf 83' lang='lat' dir='ltr'>domo</span> <span class='ocrx_word' id='word_1_105' title='bbox 367 1751 432 1810; x_wconf 85' lang='lat' dir='ltr'>eius</span> <span class='ocrx_word' id='word_1_106' title='bbox 454 1751 627 1812; x_wconf 88' lang='lat' dir='ltr'>incubuerit.</span> <span class='ocrx_word' id='word_1_107' title='bbox 682 1753 783 1830; x_wconf 75' lang='lat' dir='ltr'>Igitur,</span> <span class='ocrx_word' id='word_1_108' title='bbox 809 1753 973 1830; x_wconf 79' lang='lat' dir='ltr'>incipiente</span> <span class='ocrx_word' id='word_1_109' title='bbox 1038 1792 1045 1808; x_wconf 64' lang='lat'>,</span> 
     </span>
     <span class='ocr_line' id='line_1_17' title="bbox 104 1849 974 1926; baseline 0.002 -18"><span class='ocrx_word' id='word_1_110' title='bbox 104 1849 141 1922; x_wconf 70' lang='grc' dir='ltr'>Ο.</span> <span class='ocrx_word' id='word_1_111' title='bbox 162 1850 248 1918; x_wconf 81' lang='lat' dir='ltr'>Siliu,</span> <span class='ocrx_word' id='word_1_112' title='bbox 278 1849 408 1908; x_wconf 84' lang='lat' dir='ltr'>Consule</span> <span class='ocrx_word' id='word_1_113' title='bbox 434 1851 597 1924; x_wconf 82' lang='lat' dir='ltr'>designato,</span> <span class='ocrx_word' id='word_1_114' title='bbox 617 1851 701 1910; x_wconf 90' lang='lat' dir='ltr'>cuius</span> <span class='ocrx_word' id='word_1_115' title='bbox 723 1854 760 1910; x_wconf 88' lang='lat' dir='ltr'>de</span> <span class='ocrx_word' id='word_1_116' title='bbox 782 1852 916 1926; x_wconf 85' lang='lat' dir='ltr'>potentio</span> <span class='ocrx_word' id='word_1_117' title='bbox 942 1856 974 1910; x_wconf 86' lang='lat' dir='ltr'>et</span> 
     </span>
     <span class='ocr_line' id='line_1_18' title="bbox 102 1947 972 2026; baseline -0.003 -17"><span class='ocrx_word' id='word_1_118' title='bbox 102 1947 198 2009; x_wconf 74' lang='lat' dir='ltr'>esitio</span> <span class='ocrx_word' id='word_1_119' title='bbox 230 1948 262 2008; x_wconf 89' lang='lat' dir='ltr'>in</span> <span class='ocrx_word' id='word_1_120' title='bbox 288 1953 417 2022; x_wconf 81' lang='lat' dir='ltr'>tempore</span> <span class='ocrx_word' id='word_1_121' title='bbox 448 1950 624 2016; x_wconf 62' lang='lat' dir='ltr'>mulctabat</span> <span class='ocrx_word' id='word_1_122' title='bbox 656 1956 835 2026; x_wconf 81' lang='lat' dir='ltr'>consurgunt</span> <span class='ocrx_word' id='word_1_123' title='bbox 860 1950 972 2017; x_wconf 83' lang='lat' dir='ltr'>Pctres,</span> 
     </span>
     <span class='ocr_line' id='line_1_19' title="bbox 103 2046 974 2122; baseline -0.001 -17"><span class='ocrx_word' id='word_1_124' title='bbox 103 2049 260 2121; x_wconf 76' lang='lat' dir='ltr'>legemque</span> <span class='ocrx_word' id='word_1_125' title='bbox 287 2047 425 2106; x_wconf 82' lang='lat' dir='ltr'>Cincium</span> <span class='ocrx_word' id='word_1_126' title='bbox 450 2046 600 2120; x_wconf 65' lang='lat' dir='ltr'>flagitentr</span> <span class='ocrx_word' id='word_1_127' title='bbox 619 2053 824 2122; x_wconf 65' lang='lat' dir='ltr'>caecaretur</span> <span class='ocrx_word' id='word_1_128' title='bbox 850 2046 974 2120; x_wconf 83' lang='lat' dir='ltr'>antiqui·</span> 
     </span>
     <span class='ocr_line' id='line_1_20' title="bbox 102 2141 973 2222; baseline -0.006 -16"><span class='ocrx_word' id='word_1_129' title='bbox 102 2149 161 2214; x_wconf 84' lang='lat' dir='ltr'>tus,</span> <span class='ocrx_word' id='word_1_130' title='bbox 181 2162 215 2204; x_wconf 85' lang='lat' dir='ltr'>ae</span> <span class='ocrx_word' id='word_1_131' title='bbox 234 2143 307 2222; x_wconf 74' lang='lat' dir='ltr'>qen,</span> <span class='ocrx_word' id='word_1_132' title='bbox 326 2143 360 2203; x_wconf 79' lang='lat' dir='ltr'>cb</span> <span class='ocrx_word' id='word_1_133' title='bbox 373 2160 505 2202; x_wconf 66' lang='lat' dir='ltr'>cauum</span> <span class='ocrx_word' id='word_1_134' title='bbox 528 2143 674 2214; x_wconf 65' lang='lat' dir='ltr'>croam</span> <span class='ocrx_word' id='word_1_135' title='bbox 688 2143 837 2221; x_wconf 64' lang='lat' dir='ltr'>pectenem</span> <span class='ocrx_word' id='word_1_136' title='bbox 861 2141 973 2222; x_wconf 68' lang='lat' dir='ltr'>donpe-</span> 
     </span>
     <span class='ocr_line' id='line_1_21' title="bbox 101 2239 1002 2319; baseline -0.003 -17"><span class='ocrx_word' id='word_1_137' title='bbox 101 2260 133 2302; x_wconf 82' lang='lat' dir='ltr'>cs</span> <span class='ocrx_word' id='word_1_138' title='bbox 157 2241 285 2319; x_wconf 71' lang='lat' dir='ltr'>coeptas.</span> <span class='ocrx_word' id='word_1_139' title='bbox 325 2243 453 2310; x_wconf 78' lang='lat' dir='ltr'>Deinde,</span> <span class='ocrx_word' id='word_1_140' title='bbox 476 2243 710 2317; x_wconf 76' lang='lat' dir='ltr'>obstrepentibus</span> <span class='ocrx_word' id='word_1_141' title='bbox 733 2243 788 2308; x_wconf 84' lang='lat' dir='ltr'>bis,</span> <span class='ocrx_word' id='word_1_142' title='bbox 812 2239 914 2315; x_wconf 90' lang='lat' dir='ltr'>quibus</span> <span class='ocrx_word' id='word_1_143' title='bbox 936 2243 1002 2299; x_wconf 82' lang='lat' dir='ltr'>eati</span> 
     </span>
     <span class='ocr_line' id='line_1_22' title="bbox 100 2337 972 2415; baseline -0.003 -15"><span class='ocrx_word' id='word_1_144' title='bbox 100 2341 283 2404; x_wconf 82' lang='lat' dir='ltr'>contumelia</span> <span class='ocrx_word' id='word_1_145' title='bbox 316 2343 476 2415; x_wconf 70' lang='lat' dir='ltr'>parabatur,</span> <span class='ocrx_word' id='word_1_146' title='bbox 507 2341 619 2398; x_wconf 83' lang='lat' dir='ltr'>discors</span> <span class='ocrx_word' id='word_1_147' title='bbox 647 2339 742 2399; x_wconf 81' lang='lat' dir='ltr'>Scitin</span> <span class='ocrx_word' id='word_1_148' title='bbox 776 2338 866 2406; x_wconf 80' lang='lat' dir='ltr'>Silius</span> <span class='ocrx_word' id='word_1_149' title='bbox 899 2337 972 2397; x_wconf 84' lang='lat' dir='ltr'>ecri-</span> 
     </span>
     <span class='ocr_line' id='line_1_23' title="bbox 102 2435 988 2512; baseline -0.005 -12"><span class='ocrx_word' id='word_1_150' title='bbox 102 2447 148 2500; x_wconf 92' lang='lat' dir='ltr'>ter</span> <span class='ocrx_word' id='word_1_151' title='bbox 161 2441 305 2508; x_wconf 86' lang='lat' dir='ltr'>incubuit,</span> <span class='ocrx_word' id='word_1_152' title='bbox 328 2444 479 2498; x_wconf 82' lang='lat' dir='ltr'>‘veterum</span> <span class='ocrx_word' id='word_1_153' title='bbox 503 2445 647 2498; x_wconf 85' lang='lat' dir='ltr'>oratorum</span> <span class='ocrx_word' id='word_1_154' title='bbox 670 2435 814 2512; x_wconf 86' lang='lat' dir='ltr'>exempla‘</span> <span class='ocrx_word' id='word_1_155' title='bbox 835 2437 988 2506; x_wconf 82' lang='lat' dir='ltr'>reterens,</span> 
     </span>
     <span class='ocr_line' id='line_1_24' title="bbox 101 2537 970 2618; baseline 0.001 -20"><span class='ocrx_word' id='word_1_156' title='bbox 101 2540 171 2614; x_wconf 85' lang='lat' dir='ltr'>‘qui</span> <span class='ocrx_word' id='word_1_157' title='bbox 184 2539 291 2598; x_wconf 83' lang='lat' dir='ltr'>lamam</span> <span class='ocrx_word' id='word_1_158' title='bbox 313 2539 345 2598; x_wconf 91' lang='lat' dir='ltr'>in</span> <span class='ocrx_word' id='word_1_159' title='bbox 368 2545 507 2612; x_wconf 87' lang='lat' dir='ltr'>posteros,</span> <span class='ocrx_word' id='word_1_160' title='bbox 531 2538 660 2612; x_wconf 82' lang='lat' dir='ltr'>praemia</span> <span class='ocrx_word' id='word_1_161' title='bbox 684 2537 868 2612; x_wconf 84' lang='lat' dir='ltr'>eloquentiae</span> <span class='ocrx_word' id='word_1_162' title='bbox 891 2541 970 2618; x_wconf 83' lang='lat' dir='ltr'>cogi·</span> 
     </span>
     <span class='ocr_line' id='line_1_25' title="bbox 100 2637 972 2712; baseline 0.005 -16"><span class='ocrx_word' id='word_1_163' title='bbox 100 2639 265 2696; x_wconf 77' lang='lat' dir='ltr'>‘lavissent</span> <span class='ocrx_word' id='word_1_164' title='bbox 288 2638 490 2712; x_wconf 84' lang='lat' dir='ltr'>pulcherrime.</span> <span class='ocrx_word' id='word_1_165' title='bbox 511 2637 640 2712; x_wconf 84' lang='lat' dir='ltr'>alioquin</span> <span class='ocrx_word' id='word_1_166' title='bbox 661 2643 692 2695; x_wconf 89' lang='lat' dir='ltr'>et</span> <span class='ocrx_word' id='word_1_167' title='bbox 715 2639 853 2698; x_wconf 81' lang='lat' dir='ltr'>bonarum</span> <span class='ocrx_word' id='word_1_168' title='bbox 867 2640 972 2700; x_wconf 83' lang='lat' dir='ltr'>ortium</span> 
     </span>
     <span class='ocr_line' id='line_1_26' title="bbox 100 2736 970 2812; baseline 0.005 -16"><span class='ocrx_word' id='word_1_169' title='bbox 100 2738 284 2812; x_wconf 84' lang='lat' dir='ltr'>‘principem</span> <span class='ocrx_word' id='word_1_170' title='bbox 317 2736 442 2794; x_wconf 83' lang='lat' dir='ltr'>sordidis</span> <span class='ocrx_word' id='word_1_171' title='bbox 468 2736 637 2794; x_wconf 86' lang='lat' dir='ltr'>ministeriis</span> <span class='ocrx_word' id='word_1_172' title='bbox 663 2737 782 2796; x_wconf 72' lang='lat' dir='ltr'>foedari.</span> <span class='ocrx_word' id='word_1_173' title='bbox 817 2755 855 2796; x_wconf 89' lang='lat' dir='ltr'>ne</span> <span class='ocrx_word' id='word_1_174' title='bbox 882 2740 970 2800; x_wconf 85' lang='lat' dir='ltr'>iidem</span> 
     </span>
     <span class='ocr_line' id='line_1_27' title="bbox 99 2835 969 2914; baseline 0.007 -20"><span class='ocrx_word' id='word_1_175' title='bbox 99 2838 237 2913; x_wconf 54' lang='lat' dir='ltr'>{quidem</span> <span class='ocrx_word' id='word_1_176' title='bbox 269 2835 412 2910; x_wconf 79' lang='lat' dir='ltr'>integrum</span> <span class='ocrx_word' id='word_1_177' title='bbox 446 2852 573 2904; x_wconf 88' lang='lat' dir='ltr'>manere,</span> <span class='ocrx_word' id='word_1_178' title='bbox 600 2835 649 2894; x_wconf 89' lang='lat' dir='ltr'>ubi</span> <span class='ocrx_word' id='word_1_179' title='bbox 681 2836 851 2912; x_wconf 79' lang='lat' dir='ltr'>magnitudo</span> <span class='ocrx_word' id='word_1_180' title='bbox 884 2857 969 2914; x_wconf 89' lang='lat' dir='ltr'>quae·</span> 
     </span>
    </p>
   </div>
   <div class='ocr_carea' id='block_1_3' title="bbox 96 3009 970 3426">
    <p class='ocr_par' dir='ltr' id='par_1_3' title="bbox 96 3009 970 3426">
     <span class='ocr_line' id='line_1_28' title="bbox 128 3009 968 3115; baseline 0.002 -56"><span class='ocrx_word' id='word_1_181' title='bbox 128 3011 239 3070; x_wconf 78' lang='lat' dir='ltr'>Eleganti</span> <span class='ocrx_word' id='word_1_182' title='bbox 252 3011 428 3072; x_wconf 64' lang='lat' dir='ltr'>temperamento]</span> <span class='ocrx_word' id='word_1_183' title='bbox 459 3009 550 3056; x_wconf 78' lang='lat' dir='ltr'>Etenim</span> <span class='ocrx_word' id='word_1_184' title='bbox 566 3009 622 3056; x_wconf 84' lang='lat' dir='ltr'>haec</span> <span class='ocrx_word' id='word_1_185' title='bbox 640 3010 753 3115; x_wconf 50' lang='lat' dir='ltr'>duplicem</span> <span class='ocrx_word' id='word_1_186' title='bbox 770 3027 857 3061; x_wconf 83' lang='lat' dir='ltr'>sensum</span> <span class='ocrx_word' id='word_1_187' title='bbox 876 3013 968 3062; x_wconf 86' lang='lat' dir='ltr'>babent.</span> 
     </span>
     <span class='ocr_line' id='line_1_29' title="bbox 97 3068 969 3132; baseline 0.003 -16"><span class='ocrx_word' id='word_1_188' title='bbox 97 3071 195 3117; x_wconf 82' lang='lat' dir='ltr'>alterurn</span> <span class='ocrx_word' id='word_1_189' title='bbox 205 3071 296 3128; x_wconf 79' lang='lat' dir='ltr'>dignum</span> <span class='ocrx_word' id='word_1_190' title='bbox 313 3083 391 3116; x_wconf 84' lang='lat' dir='ltr'>amore</span> <span class='ocrx_word' id='word_1_191' title='bbox 407 3068 533 3127; x_wconf 75' lang='lat' dir='ltr'>coniugali:</span> <span class='ocrx_word' id='word_1_192' title='bbox 551 3083 662 3116; x_wconf 87' lang='lat' dir='ltr'>nemoere</span> <span class='ocrx_word' id='word_1_193' title='bbox 678 3071 697 3116; x_wconf 83' lang='lat' dir='ltr'>ir</span> <span class='ocrx_word' id='word_1_194' title='bbox 707 3085 761 3117; x_wconf 85' lang='lat' dir='ltr'>reru</span> <span class='ocrx_word' id='word_1_195' title='bbox 771 3087 827 3126; x_wconf 86' lang='lat' dir='ltr'>esse,</span> <span class='ocrx_word' id='word_1_196' title='bbox 837 3087 895 3132; x_wconf 86' lang='lat' dir='ltr'>quae</span> <span class='ocrx_word' id='word_1_197' title='bbox 911 3072 944 3118; x_wconf 86' lang='lat' dir='ltr'>Po</span> <span class='ocrx_word' id='word_1_198' title='bbox 961 3098 969 3107; x_wconf 90' lang='lat'><strong>·</strong></span> 
     </span>
     <span class='ocr_line' id='line_1_30' title="bbox 98 3087 970 3192; baseline 0 -16"><span class='ocrx_word' id='word_1_199' title='bbox 98 3145 172 3192; x_wconf 80' lang='lat' dir='ltr'>paene</span> <span class='ocrx_word' id='word_1_200' title='bbox 183 3129 341 3183; x_wconf 87' lang='lat' dir='ltr'>obiecta&#39;sunt,</span> <span class='ocrx_word' id='word_1_201' title='bbox 351 3143 418 3176; x_wconf 85' lang='lat' dir='ltr'>nemo</span> <span class='ocrx_word' id='word_1_202' title='bbox 430 3128 512 3190; x_wconf 85' lang='lat' dir='ltr'>probat</span> <span class='ocrx_word' id='word_1_203' title='bbox 521 3128 612 3185; x_wconf 81' lang='lat' dir='ltr'>tectum,</span> <span class='ocrx_word' id='word_1_204' title='bbox 629 3143 669 3176; x_wconf 86' lang='lat' dir='ltr'>uec</span> <span class='ocrx_word' id='word_1_205' title='bbox 687 3143 743 3188; x_wconf 74' lang='lat' dir='ltr'>ego:</span> <span class='ocrx_word' id='word_1_206' title='bbox 759 3131 855 3178; x_wconf 88' lang='lat' dir='ltr'>alterurn</span> <span class='ocrx_word' id='word_1_207' title='bbox 870 3087 970 3190; x_wconf 61' lang='lat' dir='ltr'>periurio</span> 
     </span>
     <span class='ocr_line' id='line_1_31' title="bbox 97 3187 970 3250; baseline -0.002 -16"><span class='ocrx_word' id='word_1_208' title='bbox 97 3189 195 3234; x_wconf 82' lang='lat' dir='ltr'>vitando</span> <span class='ocrx_word' id='word_1_209' title='bbox 204 3195 295 3248; x_wconf 28' lang='lat' dir='ltr'>aptum-r</span> <span class='ocrx_word' id='word_1_210' title='bbox 312 3187 387 3240; x_wconf 87' lang='lat' dir='ltr'>credo,</span> <span class='ocrx_word' id='word_1_211' title='bbox 396 3201 454 3248; x_wconf 87' lang='lat' dir='ltr'>quae</span> <span class='ocrx_word' id='word_1_212' title='bbox 462 3187 550 3234; x_wconf 81' lang='lat' dir='ltr'>obiectu</span> <span class='ocrx_word' id='word_1_213' title='bbox 559 3193 616 3242; x_wconf 86' lang='lat' dir='ltr'>sunt,</span> <span class='ocrx_word' id='word_1_214' title='bbox 627 3193 650 3234; x_wconf 88' lang='lat' dir='ltr'>et</span> <span class='ocrx_word' id='word_1_215' title='bbox 660 3188 746 3244; x_wconf 86' lang='lat' dir='ltr'>eadem,</span> <span class='ocrx_word' id='word_1_216' title='bbox 763 3202 820 3250; x_wconf 87' lang='lat' dir='ltr'>qnae</span> <span class='ocrx_word' id='word_1_217' title='bbox 837 3189 905 3234; x_wconf 80' lang='lat' dir='ltr'>ceteri</span> <span class='ocrx_word' id='word_1_218' title='bbox 916 3189 970 3234; x_wconf 78' lang='lat' dir='ltr'>Sen-</span> 
     </span>
     <span class='ocr_line' id='line_1_32' title="bbox 97 3244 969 3308; baseline -0.007 -12"><span class='ocrx_word' id='word_1_219' title='bbox 97 3251 183 3302; x_wconf 71' lang='lat' dir='ltr'>atores,</span> <span class='ocrx_word' id='word_1_220' title='bbox 191 3247 296 3296; x_wconf 81' lang='lat' dir='ltr'>decerno.</span> <span class='ocrx_word' id='word_1_221' title='bbox 338 3244 461 3304; x_wconf 69' lang='lat' dir='ltr'>Etegcab&#39;c</span> <span class='ocrx_word' id='word_1_222' title='bbox 472 3251 549 3292; x_wconf 75' lang='lat' dir='ltr'>auteur</span> <span class='ocrx_word' id='word_1_223' title='bbox 558 3254 593 3294; x_wconf 83' lang='lat' dir='ltr'>ert</span> <span class='ocrx_word' id='word_1_224' title='bbox 602 3246 624 3294; x_wconf 90' lang='lat' dir='ltr'>in</span> <span class='ocrx_word' id='word_1_225' title='bbox 640 3261 677 3302; x_wconf 88' lang='lat' dir='ltr'>eo,</span> <span class='ocrx_word' id='word_1_226' title='bbox 693 3247 753 3308; x_wconf 88' lang='lat' dir='ltr'>quod</span> <span class='ocrx_word' id='word_1_227' title='bbox 763 3246 847 3306; x_wconf 78' lang='lat' dir='ltr'>figura</span> <span class='ocrx_word' id='word_1_228' title='bbox 857 3251 891 3292; x_wconf 88' lang='lat' dir='ltr'>est</span> <span class='ocrx_word' id='word_1_229' title='bbox 901 3245 924 3291; x_wconf 91' lang='lat' dir='ltr'>in</span> <span class='ocrx_word' id='word_1_230' title='bbox 933 3245 969 3291; x_wconf 86' lang='lat' dir='ltr'>bis</span> 
     </span>
     <span class='ocr_line' id='line_1_33' title="bbox 97 3301 968 3365; baseline -0.003 -14"><span class='ocrx_word' id='word_1_231' title='bbox 97 3305 183 3360; x_wconf 79' lang='lat' dir='ltr'>verbis,</span> <span class='ocrx_word' id='word_1_232' title='bbox 202 3312 229 3354; x_wconf 90' lang='lat' dir='ltr'>ut</span> <span class='ocrx_word' id='word_1_233' title='bbox 248 3303 366 3352; x_wconf 85' lang='lat' dir='ltr'>Suetonius</span> <span class='ocrx_word' id='word_1_234' title='bbox 382 3319 464 3350; x_wconf 78' lang='lat' dir='ltr'>vocare</span> <span class='ocrx_word' id='word_1_235' title='bbox 482 3305 548 3360; x_wconf 87' lang='lat' dir='ltr'>solet,</span> <span class='ocrx_word' id='word_1_236' title='bbox 567 3321 593 3351; x_wconf 88' lang='lat' dir='ltr'>ea</span> <span class='ocrx_word' id='word_1_237' title='bbox 609 3320 637 3351; x_wconf 89' lang='lat' dir='ltr'>ue</span> <span class='ocrx_word' id='word_1_238' title='bbox 662 3306 784 3365; x_wconf 85' lang='lat' dir='ltr'>prudenter</span> <span class='ocrx_word' id='word_1_239' title='bbox 803 3303 906 3349; x_wconf 88' lang='lat' dir='ltr'>adbibita</span> <span class='ocrx_word' id='word_1_240' title='bbox 913 3318 921 3362; x_wconf 76' lang='lat'>5</span> <span class='ocrx_word' id='word_1_241' title='bbox 944 3301 968 3348; x_wconf 90' lang='lat' dir='ltr'>iu</span> 
     </span>
     <span class='ocr_line' id='line_1_34' title="bbox 96 3319 860 3426; baseline -0.009 -14"><span class='ocrx_word' id='word_1_242' title='bbox 96 3379 143 3426; x_wconf 86' lang='lat' dir='ltr'>quo</span> <span class='ocrx_word' id='word_1_243' title='bbox 153 3365 202 3425; x_wconf 83' lang='lat' dir='ltr'>ipsu</span> <span class='ocrx_word' id='word_1_244' title='bbox 211 3367 246 3410; x_wconf 86' lang='lat' dir='ltr'>est</span> <span class='ocrx_word' id='word_1_245' title='bbox 255 3363 375 3422; x_wconf 81' lang='lat' dir='ltr'>elegantis.</span> <span class='ocrx_word' id='word_1_246' title='bbox 386 3363 469 3410; x_wconf 88' lang='lat' dir='ltr'>tirones</span> <span class='ocrx_word' id='word_1_247' title='bbox 480 3364 573 3410; x_wconf 83' lang='lat' dir='ltr'>videant</span> <span class='ocrx_word' id='word_1_248' title='bbox 582 3319 677 3410; x_wconf 49' lang='lat' dir='ltr'>C‘iavern</span> <span class='ocrx_word' id='word_1_249' title='bbox 686 3364 760 3409; x_wconf 82' lang='lat' dir='ltr'>Cicer.</span> <span class='ocrx_word' id='word_1_250' title='bbox 772 3362 794 3408; x_wconf 90' lang='lat' dir='ltr'>in</span> <span class='ocrx_word' id='word_1_251' title='bbox 805 3361 827 3406; x_wconf 91' lang='lat' dir='ltr'>b.</span> <span class='ocrx_word' id='word_1_252' title='bbox 839 3375 860 3405; x_wconf 85' lang='lat' dir='ltr'>v.</span> 
     </span>
    </p>
   </div>
   <div class='ocr_carea' id='block_1_4' title="bbox 123 3437 878 3582">
    <p class='ocr_par' dir='ltr' id='par_1_4' title="bbox 123 3437 878 3582">
     <span class='ocr_line' id='line_1_35' title="bbox 123 3437 878 3504; baseline -0.029 -1"><span class='ocrx_word' id='word_1_253' title='bbox 123 3441 304 3500; x_wconf 54' lang='lat' dir='ltr'>&amp;mittentis</span> <span class='ocrx_word' id='word_1_254' title='bbox 313 3456 458 3490; x_wconf 73' lang='lat' dir='ltr'>numerorum</span> <span class='ocrx_word' id='word_1_255' title='bbox 466 3441 576 3504; x_wconf 79' lang='lat' dir='ltr'>millibus]</span> <span class='ocrx_word' id='word_1_256' title='bbox 607 3441 718 3490; x_wconf 82' lang='lat' dir='ltr'>Monetae</span> <span class='ocrx_word' id='word_1_257' title='bbox 727 3438 787 3488; x_wconf 82' lang='lat' dir='ltr'>Gall.</span> <span class='ocrx_word' id='word_1_258' title='bbox 799 3437 878 3484; x_wconf 75' lang='grc'><strong>77812.</strong></span> 
     </span>
     <span class='ocr_line' id='line_1_36' title="bbox 127 3519 521 3582; baseline -0.01 -12"><span class='ocrx_word' id='word_1_259' title='bbox 127 3521 266 3582; x_wconf 70' lang='lat' dir='ltr'>Honorabo]</span> <span class='ocrx_word' id='word_1_260' title='bbox 296 3519 357 3568; x_wconf 85' lang='lat' dir='ltr'>Vide</span> <span class='ocrx_word' id='word_1_261' title='bbox 366 3535 386 3568; x_wconf 86' lang='lat' dir='ltr'>c.</span> <span class='ocrx_word' id='word_1_262' title='bbox 401 3521 469 3568; x_wconf 62' lang='lat' dir='ltr'>lbet</span> <span class='ocrx_word' id='word_1_263' title='bbox 486 3523 521 3567; x_wconf 76' lang='lat'>3⁵.</span> 
     </span>
    </p>
   </div>
   <div class='ocr_carea' id='block_1_5' title="bbox 0 0 1086 3846">
    <p class='ocr_par' dir='ltr' id='par_1_5' title="bbox 0 0 1086 3846">
     <span class='ocr_line' id='line_1_37' title="bbox 0 0 1086 3846; baseline 0 2"><span class='ocrx_word' id='word_1_264' title='bbox 0 0 1086 3846; x_wconf 95' lang='lat' dir='ltr'> </span> 
     </span>
    </p>
   </div>
  </div>
 </body>
</html>
