2134 3826
110 203 181 254 nc.
199 207 238 252 lt.
363 204 434 252 nte.
462 204 486 251 1.
540 201 617 252 cre.
644 185 703 252 42.
723 185 783 252 43.
944 183 992 254 39

105 357 233 433 ‘quibus
260 361 323 416 tam
351 357 485 431 proiecte
515 359 642 418 Senatus
669 357 836 418 suctnritns.
865 358 993 418 hostium

105 461 242 534 ‘quoque
257 457 303 516 ius
316 464 346 515 et
361 474 446 515 sacru
459 457 614 532 legationis
637 464 668 516 et
691 457 734 516 ins
749 459 880 533 gentium
902 459 992 532 rupis·

104 555 171 615 ‘tis
217 557 318 616 Divus
342 557 435 615 lolius
461 557 634 615 seditionem
659 557 807 615 exercitus
822 559 913 616 verbo
935 565 993 616 ono

105 655 330 730 ‘compescuit,'
339 657 471 729 Quirites
482 659 643 724 ‘vocnndm
653 657 701 732 qui
711 657 993 714 sacromentumeius

106 757 348 814 ‘detrectabant
367 755 462 814 Divus
476 757 624 831 Augustus
639 759 722 814 voltu
736 762 767 813 et
781 757 922 830 adspectu
934 758 994 814 Ac·

107 857 226 915 ‘tincas
249 857 385 932 legiones
399 858 539 914 exterruit
551 876 559 913 ε
587 875 651 924 nus,
664 862 695 914 ut
711 857 838 914 nundum
862 857 993 924 eosdem,

107 956 169 1014 ‘itu
184 975 223 1014 ex
248 957 311 1014 illis
331 961 419 1023 ortos,
434 957 460 1014 si
484 956 646 1030 Hispaniae
668 955 813 1030 Syriaeve
834 955 920 1014 mites
940 955 991 1012 sd·

106 1061 323 1128 ‘spemnretou
348 1063 447 1114 temen
472 1055 575 1114 mirum
595 1061 626 1112 et
647 1055 797 1130 indiguum
817 1061 888 1112 erat.
929 1053 992 1112 Pri·

104 1159 211 1214 ‘mune
225 1161 256 1214 et
271 1155 416 1215 vicesima
431 1155 571 1230 legiones,
585 1155 637 1212 ills
650 1153 742 1229 signis
763 1172 781 1211 s
796 1153 921 1212 Tiberio
945 1169 992 1210 sc·

104 1257 228 1330 ‘cestim
242 1260 276 1313 to
299 1261 343 1313 tot
366 1255 541 1329 proeliorum
561 1254 652 1320 socia,
678 1259 721 1311 tot
742 1253 880 1328 praemiis
895 1259 991 1321 suctu,

106 1355 279 1430 ‘egregium
303 1355 372 1412 duci
400 1359 499 1412 vestro
521 1353 645 1428 gentium
672 1353 801 1410 relertist
831 1354 908 1412 lruuc
934 1371 991 1428 ego

105 1453 260 1510 ‘nuntium
276 1452 361 1525 petri,
373 1455 451 1510 laetu
471 1452 570 1510 omnin
584 1452 650 1510 eliis
665 1470 682 1510 e
698 1451 859 1526 provinciis
870 1453 990 1512 eudicu-

106 1552 156 1620 ‘ti‚
170 1548 290 1610 leram?
309 1551 401 1624 ipsius
415 1551 533 1619 tirones,
553 1551 643 1625 ipsIus
670 1555 833 1619 veteranos,
847 1569 907 1611 nou
922 1551 991 1609 mis·

98 1637 222 1720 'sione
248 1668 310 1710 non
334 1650 460 1724 pecunie
483 1651 623 1708 sutietos:
651 1651 700 1708 iric
724 1656 838 1708 tantum
862 1649 991 1710 interfici

105 1749 408 1818 ‘centuriones,eiici
423 1749 563 1819 tribunos,
588 1749 701 1808 includi
724 1751 852 1824 legatos:
876 1749 990 1807 iniectu

104 1849 271 1926 ‘sauguine
284 1855 391 1917 cestre,
405 1849 540 1906 flumine:
561 1866 664 1923 meque
684 1849 844 1923 precariam
858 1847 988 1907 suimsm

104 1949 204 2006 ‘inter
218 1948 351 2006 intensos
366 1945 504 2006 trahere?
544 1949 605 2007 Cur
617 1948 706 2016 enim,
729 1947 822 2022 primo
835 1946 988 2007 concionis
999 1939 1042 2000 43

104 2048 184 2118 ‘die,
208 2047 316 2104 serrum
341 2047 423 2116 illud,
443 2047 518 2122 qnod
537 2047 655 2120 ¹pectori
678 2064 744 2105 meo
764 2047 885 2121 infigere
907 2063 988 2120 pers·

104 2148 204 2214 ‘bnm,
232 2142 429 2204 detraxistis?
455 2163 474 2203 o
501 2145 658 2218 improvidi
684 2145 796 2204 nmicit
816 2129 928 2202 'melius
955 2148 987 2201 et

105 2245 273 2304 ‘nmsntius
287 2245 349 2314 itte,
360 2245 409 2320 qui
422 2245 550 2320 gladium
564 2246 712 2302 offerebat.
736 2243 911 2302 cecidissem
925 2259 987 2300 cer·

106 2350 155 2402 ‘te
171 2345 300 2400 noudum
325 2349 368 2402 tot
390 2343 563 2419 flagitiorum
577 2343 722 2402 exercitui
747 2359 813 2400 meo
834 2341 988 2406 conscius:

105 2443 273 2518 ‘legissetis
295 2445 409 2528 docem,
424 2445 473 2518 qui
489 2461 583 2501 meem
597 2444 713 2518 quidem
729 2447 851 2500 mortem
864 2441 988 2516 impuni-

106 2548 188 2600 ‘tsm
202 2541 323 2610 sineret,
338 2541 412 2598 Vari
436 2548 534 2600 temen
550 2548 580 2599 et
594 2541 679 2599 trium
695 2541 842 2614 legion-um
867 2540 988 2600 ulcisce-

106 2648 113 2674 ‘
125 2646 216 2699 retur.
258 2641 362 2715 Neque
387 2641 467 2706 enim
481 2641 523 2698 dii
536 2641 645 2707 sinant,
659 2645 690 2698 ut
711 2641 877 2714 Belgarum,
891 2657 988 2716 quum.

106 2755 217 2817 ‘quam
230 2739 421 2810 offerentium,
445 2741 534 2798 decus
555 2737 632 2796 istud
653 2745 683 2796 et
704 2739 848 2797 claritudo
861 2737 909 2806 sit,
923 2741 987 2797 sub·

107 2836 247 2897 ‘venisse
273 2839 409 2896 Romanu
432 2838 554 2904 nomini,
577 2838 784 2912 compressisse
807 2839 986 2898 Germaniae

106 2921 265 3012 ‘populent
308 2937 385 3006 '1¹uu,
399 2939 469 2996 dive
485 2939 629 3012 Auguste,
652 2940 737 2996 cnelo
761 2941 880 3010 receptu
894 2955 986 3004 mens,

138 3133 212 3180 Verbo
221 3145 268 3178 unc
277 3131 415 3238 mmpessuig
446 3131 587 3180 Plutarchus.
618 3131 767 3179 Conseruntur
785 3130 920 3178 Plutarchus
930 3129 988 3174 Cae-

107 3209 157 3242 sere
173 3195 260 3262 l’·⁷³.⁹·
276 3195 302 3262 A..
336 3191 395 3262 ⁰³⁰.
417 3207 458 3238 ass.
476 3195 561 3262 aldid.
594 3189 770 3262 fleetendum..
786 3188 986 3258 onustusque,

104 3259 126 3301 5.
134 3257 191 3325 3357.
203 3251 319 3298 Ducum
328 3255 413 3305 mitro,
425 3249 602 3298 Tiadstcnustrc
610 3264 676 3305 niro,
689 3263 778 3308 egerem,
793 3259 869 3302 ugus,
877 3243 986 3293 dormo.

108 3313 245 3502 &gutum
263 3389 371 3449 noum]
402 3387 468 3435 Cunl.
485 3385 630 3446 Lnrrtpridius
647 3380 779 3430 Alexandro
797 3379 851 3423 sev.
867 3373 934 3416 απ.
957 3379 989 3421 sl·

131 3466 185 3499 rurs.
