<?xml version="1.0" encoding="UTF-8"?>
<!DOCTYPE html PUBLIC "-//W3C//DTD XHTML 1.0 Transitional//EN"
    "http://www.w3.org/TR/xhtml1/DTD/xhtml1-transitional.dtd">
<html xmlns="http://www.w3.org/1999/xhtml" xml:lang="en" lang="en">
 <head>
  <title>
</title>
<meta http-equiv="Content-Type" content="text/html;charset=utf-8" />
  <meta name='ocr-system' content='tesseract 3.04.00' />
  <meta name='ocr-capabilities' content='ocr_page ocr_carea ocr_par ocr_line ocrx_word'/>
</head>
<body>
  <div class='ocr_page' id='page_1' title='image "./operaexrecensio01tacigoog_0198.png"; bbox 0 0 2166 3834; ppageno 0'>
   <div class='ocr_carea' id='block_1_1' title="bbox 116 175 976 246">
    <p class='ocr_par' dir='ltr' id='par_1_1' title="bbox 116 175 976 246">
     <span class='ocr_line' id='line_1_1' title="bbox 116 175 976 246; baseline -0.002 0"><span class='ocrx_word' id='word_1_1' title='bbox 116 198 234 246; x_wconf 70' lang='lat' dir='ltr'><strong>acm.</strong></span> <span class='ocrx_word' id='word_1_2' title='bbox 331 195 400 244; x_wconf 84' lang='lat' dir='ltr'><strong>nm.</strong></span> <span class='ocrx_word' id='word_1_3' title='bbox 427 195 478 244; x_wconf 91' lang='grc' dir='ltr'><strong>ιιι.</strong></span> <span class='ocrx_word' id='word_1_4' title='bbox 536 175 802 246; x_wconf 49' lang='lat' dir='ltr'><strong>carun-51.</strong></span> <span class='ocrx_word' id='word_1_5' title='bbox 907 177 976 246; x_wconf 82' lang='lat'><strong>157</strong></span> 
     </span>
    </p>
   </div>
   <div class='ocr_carea' id='block_1_2' title="bbox 112 349 1038 3593">
    <p class='ocr_par' dir='ltr' id='par_1_2' title="bbox 112 349 1038 3593">
     <span class='ocr_line' id='line_1_2' title="bbox 116 349 998 428; baseline 0.005 -20"><span class='ocrx_word' id='word_1_6' title='bbox 116 351 245 421; x_wconf 81' lang='lat' dir='ltr'><strong>Vitellia,</strong></span> <span class='ocrx_word' id='word_1_7' title='bbox 271 349 347 410; x_wconf 70' lang='lat' dir='ltr'><strong>ulit</strong></span> <span class='ocrx_word' id='word_1_8' title='bbox 371 369 402 408; x_wconf 80' lang='lat' dir='ltr'><strong>ee</strong></span> <span class='ocrx_word' id='word_1_9' title='bbox 428 349 576 419; x_wconf 66' lang='lat' dir='ltr'><strong>maerere,</strong></span> <span class='ocrx_word' id='word_1_10' title='bbox 603 353 800 412; x_wconf 72' lang='lat' dir='ltr'><strong>adseveravit.</strong></span> <span class='ocrx_word' id='word_1_11' title='bbox 827 354 879 411; x_wconf 83' lang='lat' dir='ltr'><strong>sed</strong></span> <span class='ocrx_word' id='word_1_12' title='bbox 900 351 998 428; x_wconf 56' lang='lat' dir='ltr'><strong>argo?</strong></span> 
     </span>
     <span class='ocr_line' id='line_1_3' title="bbox 114 451 980 524; baseline 0.002 -16"><span class='ocrx_word' id='word_1_13' title='bbox 114 453 223 510; x_wconf 71' lang='lat' dir='ltr'><strong>daubus</strong></span> <span class='ocrx_word' id='word_1_14' title='bbox 257 453 295 508; x_wconf 87' lang='lat' dir='ltr'><strong>ad</strong></span> <span class='ocrx_word' id='word_1_15' title='bbox 331 451 490 524; x_wconf 83' lang='lat' dir='ltr'><strong>perniciem</strong></span> <span class='ocrx_word' id='word_1_16' title='bbox 526 453 588 524; x_wconf 83' lang='lat' dir='ltr'><strong>plue</strong></span> <span class='ocrx_word' id='word_1_17' title='bbox 623 452 691 508; x_wconf 87' lang='lat' dir='ltr'><strong>tidei</strong></span> <span class='ocrx_word' id='word_1_18' title='bbox 725 451 788 508; x_wconf 85' lang='lat' dir='ltr'><strong>iuit.</strong></span> <span class='ocrx_word' id='word_1_19' title='bbox 822 453 980 510; x_wconf 78' lang='lat' dir='ltr'><strong>sententia·</strong></span> 
     </span>
     <span class='ocr_line' id='line_1_4' title="bbox 115 550 981 626; baseline 0.001 -19"><span class='ocrx_word' id='word_1_20' title='bbox 115 568 163 626; x_wconf 80' lang='lat' dir='ltr'><strong>que</strong></span> <span class='ocrx_word' id='word_1_21' title='bbox 199 550 314 608; x_wconf 82' lang='lat' dir='ltr'><strong>Haterii</strong></span> <span class='ocrx_word' id='word_1_22' title='bbox 342 551 501 624; x_wconf 78' lang='lat' dir='ltr'>Agrippae,</span> <span class='ocrx_word' id='word_1_23' title='bbox 536 550 673 608; x_wconf 78' lang='lat' dir='ltr'>Consulis</span> <span class='ocrx_word' id='word_1_24' title='bbox 701 551 855 624; x_wconf 79' lang='lat' dir='ltr'><strong>designati,</strong></span> <span class='ocrx_word' id='word_1_25' title='bbox 890 551 981 608; x_wconf 84' lang='lat' dir='ltr'><strong>indic·</strong></span> 
     </span>
     <span class='ocr_line' id='line_1_5' title="bbox 117 649 1035 722; baseline 0.002 -14"><span class='ocrx_word' id='word_1_26' title='bbox 117 656 171 708; x_wconf 85' lang='lat' dir='ltr'><strong>turn</strong></span> <span class='ocrx_word' id='word_1_27' title='bbox 197 668 250 708; x_wconf 88' lang='lat' dir='ltr'><strong>reo</strong></span> <span class='ocrx_word' id='word_1_28' title='bbox 269 650 403 708; x_wconf 88' lang='lat' dir='ltr'><strong>ultimum</strong></span> <span class='ocrx_word' id='word_1_29' title='bbox 427 649 611 722; x_wconf 75' lang='lat' dir='ltr'><strong>auprplicium.</strong></span> <span class='ocrx_word' id='word_1_30' title='bbox 654 650 765 707; x_wconf 82' lang='lat' dir='ltr'><strong>Contra</strong></span> <span class='ocrx_word' id='word_1_31' title='bbox 789 649 832 706; x_wconf 85' lang='grc' dir='ltr'><strong>Μ.</strong></span> <span class='ocrx_word' id='word_1_32' title='bbox 854 650 1035 722; x_wconf 82' lang='lat' dir='ltr'><strong>Lepidue50</strong></span> 
     </span>
     <span class='ocr_line' id='line_1_6' title="bbox 117 748 984 816; baseline 0 -10"><span class='ocrx_word' id='word_1_33' title='bbox 117 748 146 806; x_wconf 92' lang='lat' dir='ltr'><strong>in</strong></span> <span class='ocrx_word' id='word_1_34' title='bbox 167 753 245 808; x_wconf 84' lang='lat' dir='ltr'><strong>hunc</strong></span> <span class='ocrx_word' id='word_1_35' title='bbox 271 751 387 808; x_wconf 88' lang='lat' dir='ltr'><strong>modum</strong></span> <span class='ocrx_word' id='word_1_36' title='bbox 415 765 535 806; x_wconf 74' lang='lat' dir='ltr'><strong>exorsus</strong></span> <span class='ocrx_word' id='word_1_37' title='bbox 563 755 617 806; x_wconf 83' lang='lat' dir='ltr'><strong>eet.</strong></span> <span class='ocrx_word' id='word_1_38' title='bbox 671 750 739 816; x_wconf 89' lang='lat' dir='ltr'><strong>‘Si,</strong></span> <span class='ocrx_word' id='word_1_39' title='bbox 767 751 800 808; x_wconf 90' lang='lat' dir='ltr'><strong>P.</strong></span> <span class='ocrx_word' id='word_1_40' title='bbox 830 751 865 808; x_wconf 80' lang='lat' dir='ltr'><strong>(l.</strong></span> <span class='ocrx_word' id='word_1_41' title='bbox 894 767 984 807; x_wconf 89' lang='lat' dir='ltr'><strong>unum</strong></span> 
     </span>
     <span class='ocr_line' id='line_1_7' title="bbox 117 848 983 923; baseline 0 -17"><span class='ocrx_word' id='word_1_42' title='bbox 117 848 160 906; x_wconf 86' lang='lat' dir='ltr'><strong>‘id</strong></span> <span class='ocrx_word' id='word_1_43' title='bbox 192 859 368 922; x_wconf 77' lang='lat' dir='ltr'><strong>spectamus,</strong></span> <span class='ocrx_word' id='word_1_44' title='bbox 401 867 487 923; x_wconf 88' lang='lat' dir='ltr'><strong>qoam</strong></span> <span class='ocrx_word' id='word_1_45' title='bbox 523 849 633 906; x_wconf 80' lang='lat' dir='ltr'><strong>nefaria</strong></span> <span class='ocrx_word' id='word_1_46' title='bbox 668 866 742 906; x_wconf 85' lang='lat' dir='ltr'><strong>voce</strong></span> <span class='ocrx_word' id='word_1_47' title='bbox 776 849 811 907; x_wconf 83' lang='grc' dir='ltr'><strong>Ο.</strong></span> <span class='ocrx_word' id='word_1_48' title='bbox 848 849 983 908; x_wconf 80' lang='lat' dir='ltr'><strong>Lutoriua</strong></span> 
     </span>
     <span class='ocr_line' id='line_1_8' title="bbox 118 935 985 1022; baseline 0.001 -17"><span class='ocrx_word' id='word_1_49' title='bbox 118 947 247 1006; x_wconf 78' lang='lat' dir='ltr'><strong>‘Priscus</strong></span> <span class='ocrx_word' id='word_1_50' title='bbox 262 956 390 1006; x_wconf 78' lang='lat' dir='ltr'><strong>mentem</strong></span> <span class='ocrx_word' id='word_1_51' title='bbox 405 965 487 1005; x_wconf 82' lang='lat' dir='ltr'><strong>ecam</strong></span> <span class='ocrx_word' id='word_1_52' title='bbox 510 953 542 1005; x_wconf 86' lang='lat' dir='ltr'><strong>et</strong></span> <span class='ocrx_word' id='word_1_53' title='bbox 555 946 639 1006; x_wconf 78' lang='lat' dir='ltr'><strong>auree</strong></span> <span class='ocrx_word' id='word_1_54' title='bbox 663 935 813 1006; x_wconf 82' lang='lat' dir='ltr'><strong>hominum</strong></span> <span class='ocrx_word' id='word_1_55' title='bbox 840 949 985 1022; x_wconf 86' lang='lat' dir='ltr'><strong>polluerit,</strong></span> 
     </span>
     <span class='ocr_line' id='line_1_9' title="bbox 118 1047 986 1124; baseline 0.005 -20"><span class='ocrx_word' id='word_1_56' title='bbox 118 1052 225 1122; x_wconf 87' lang='lat' dir='ltr'><strong>‘neque</strong></span> <span class='ocrx_word' id='word_1_57' title='bbox 245 1065 356 1114; x_wconf 82' lang='lat' dir='ltr'><strong>carcer,</strong></span> <span class='ocrx_word' id='word_1_58' title='bbox 382 1065 475 1124; x_wconf 81' lang='lat' dir='ltr'><strong>neque</strong></span> <span class='ocrx_word' id='word_1_59' title='bbox 497 1051 625 1122; x_wconf 78' lang='lat' dir='ltr'><strong>laqueus,</strong></span> <span class='ocrx_word' id='word_1_60' title='bbox 656 1066 693 1104; x_wconf 87' lang='lat' dir='ltr'><strong>ne</strong></span> <span class='ocrx_word' id='word_1_61' title='bbox 719 1049 840 1106; x_wconf 76' lang='lat' dir='ltr'>serviles</span> <span class='ocrx_word' id='word_1_62' title='bbox 869 1047 986 1124; x_wconf 84' lang='lat' dir='ltr'><strong>quidem</strong></span> 
     </span>
     <span class='ocr_line' id='line_1_10' title="bbox 119 1145 988 1222; baseline 0.003 -17"><span class='ocrx_word' id='word_1_63' title='bbox 119 1145 288 1214; x_wconf 61' lang='lat' dir='ltr'><strong>‘cruciatum</strong></span> <span class='ocrx_word' id='word_1_64' title='bbox 309 1149 340 1206; x_wconf 92' lang='lat' dir='ltr'><strong>in</strong></span> <span class='ocrx_word' id='word_1_65' title='bbox 365 1167 431 1207; x_wconf 91' lang='lat' dir='ltr'><strong>eum</strong></span> <span class='ocrx_word' id='word_1_66' title='bbox 455 1148 630 1210; x_wconf 75' lang='lat' dir='ltr'><strong>suffecerint.</strong></span> <span class='ocrx_word' id='word_1_67' title='bbox 655 1150 709 1206; x_wconf 70' lang='lat' dir='ltr'><strong>&#39;rin</strong></span> <span class='ocrx_word' id='word_1_68' title='bbox 731 1148 839 1222; x_wconf 85' lang='lat' dir='ltr'><strong>flagitia</strong></span> <span class='ocrx_word' id='word_1_69' title='bbox 862 1155 892 1206; x_wconf 85' lang='lat' dir='ltr'><strong>et</strong></span> <span class='ocrx_word' id='word_1_70' title='bbox 917 1151 988 1210; x_wconf 88' lang='lat' dir='ltr'><strong>iaci·</strong></span> 
     </span>
     <span class='ocr_line' id='line_1_11' title="bbox 119 1224 989 1322; baseline 0.002 -16"><span class='ocrx_word' id='word_1_71' title='bbox 119 1224 204 1306; x_wconf 67' lang='lat' dir='ltr'><strong>‘nora</strong></span> <span class='ocrx_word' id='word_1_72' title='bbox 218 1249 281 1306; x_wconf 81' lang='lat' dir='ltr'><strong>eine.</strong></span> <span class='ocrx_word' id='word_1_73' title='bbox 297 1250 382 1306; x_wconf 88' lang='lat' dir='ltr'><strong>modo</strong></span> <span class='ocrx_word' id='word_1_74' title='bbox 407 1255 483 1316; x_wconf 84' lang='lat' dir='ltr'><strong>errat,</strong></span> <span class='ocrx_word' id='word_1_75' title='bbox 507 1247 658 1322; x_wconf 75' lang='lat' dir='ltr'>suppliciis</span> <span class='ocrx_word' id='word_1_76' title='bbox 673 1266 709 1306; x_wconf 88' lang='lat' dir='ltr'><strong>ac</strong></span> <span class='ocrx_word' id='word_1_77' title='bbox 723 1250 860 1306; x_wconf 77' lang='lat' dir='ltr'><strong>remediis</strong></span> <span class='ocrx_word' id='word_1_78' title='bbox 877 1250 989 1317; x_wconf 81' lang='lat' dir='ltr'><strong>Princi,</strong></span> 
     </span>
     <span class='ocr_line' id='line_1_12' title="bbox 118 1347 989 1423; baseline 0.005 -19"><span class='ocrx_word' id='word_1_79' title='bbox 118 1349 126 1378; x_wconf 90' lang='lat'>‘</span> <span class='ocrx_word' id='word_1_80' title='bbox 136 1347 178 1420; x_wconf 84' lang='lat' dir='ltr'><strong>pie</strong></span> <span class='ocrx_word' id='word_1_81' title='bbox 194 1349 362 1416; x_wconf 78' lang='lat' dir='ltr'><strong>moderatio,</strong></span> <span class='ocrx_word' id='word_1_82' title='bbox 383 1351 579 1423; x_wconf 86' lang='lat' dir='ltr'><strong>maiorumque</strong></span> <span class='ocrx_word' id='word_1_83' title='bbox 602 1355 631 1404; x_wconf 89' lang='lat' dir='ltr'><strong>et</strong></span> <span class='ocrx_word' id='word_1_84' title='bbox 649 1355 744 1406; x_wconf 79' lang='lat' dir='ltr'><strong>vestra</strong></span> <span class='ocrx_word' id='word_1_85' title='bbox 766 1353 901 1422; x_wconf 77' lang='lat' dir='ltr'><strong>exempla</strong></span> <span class='ocrx_word' id='word_1_86' title='bbox 915 1357 989 1408; x_wconf 87' lang='lat' dir='ltr'><strong>tom·</strong></span> 
     </span>
     <span class='ocr_line' id='line_1_13' title="bbox 119 1448 988 1519; baseline 0.002 -15"><span class='ocrx_word' id='word_1_87' title='bbox 119 1449 253 1519; x_wconf 74' lang='lat' dir='ltr'><strong>‘perautz</strong></span> <span class='ocrx_word' id='word_1_88' title='bbox 273 1453 306 1504; x_wconf 86' lang='lat' dir='ltr'><strong>et</strong></span> <span class='ocrx_word' id='word_1_89' title='bbox 329 1465 437 1504; x_wconf 84' lang='lat' dir='ltr'><strong>vanua</strong></span> <span class='ocrx_word' id='word_1_90' title='bbox 458 1448 600 1514; x_wconf 76' lang='lat' dir='ltr'><strong>eoelestis,</strong></span> <span class='ocrx_word' id='word_1_91' title='bbox 624 1449 736 1506; x_wconf 81' lang='lat' dir='ltr'><strong>dictaa</strong></span> <span class='ocrx_word' id='word_1_92' title='bbox 759 1449 911 1506; x_wconf 79' lang='lat' dir='ltr'><strong>maleficiis</strong></span> <span class='ocrx_word' id='word_1_93' title='bbox 933 1449 988 1508; x_wconf 86' lang='lat' dir='ltr'><strong>uit·</strong></span> 
     </span>
     <span class='ocr_line' id='line_1_14' title="bbox 118 1545 987 1623; baseline 0.003 -20"><span class='ocrx_word' id='word_1_94' title='bbox 118 1545 236 1604; x_wconf 69' lang='lat' dir='ltr'><strong>‘lemna</strong></span> <span class='ocrx_word' id='word_1_95' title='bbox 257 1554 302 1604; x_wconf 81' lang='lat' dir='ltr'><strong>eet</strong></span> <span class='ocrx_word' id='word_1_96' title='bbox 326 1551 406 1605; x_wconf 80' lang='lat' dir='ltr'><strong>locus</strong></span> <span class='ocrx_word' id='word_1_97' title='bbox 420 1550 597 1614; x_wconf 74' lang='lat' dir='ltr'><strong>sententiae,</strong></span> <span class='ocrx_word' id='word_1_98' title='bbox 619 1566 670 1620; x_wconf 92' lang='lat' dir='ltr'><strong>per</strong></span> <span class='ocrx_word' id='word_1_99' title='bbox 691 1565 776 1622; x_wconf 88' lang='lat' dir='ltr'><strong>quam</strong></span> <span class='ocrx_word' id='word_1_100' title='bbox 802 1567 895 1623; x_wconf 85' lang='lat' dir='ltr'><strong>neque</strong></span> <span class='ocrx_word' id='word_1_101' title='bbox 918 1550 987 1607; x_wconf 87' lang='lat' dir='ltr'><strong>lruic</strong></span> 
     </span>
     <span class='ocr_line' id='line_1_15' title="bbox 118 1629 987 1721; baseline 0.002 -18"><span class='ocrx_word' id='word_1_102' title='bbox 118 1648 270 1705; x_wconf 85' lang='lat' dir='ltr'><strong>‘delictum</strong></span> <span class='ocrx_word' id='word_1_103' title='bbox 296 1650 414 1721; x_wconf 87' lang='lat' dir='ltr'><strong>impune</strong></span> <span class='ocrx_word' id='word_1_104' title='bbox 439 1649 486 1715; x_wconf 88' lang='lat' dir='ltr'><strong>eit,</strong></span> <span class='ocrx_word' id='word_1_105' title='bbox 510 1655 541 1704; x_wconf 87' lang='lat' dir='ltr'><strong>et</strong></span> <span class='ocrx_word' id='word_1_106' title='bbox 565 1665 617 1704; x_wconf 82' lang='lat' dir='ltr'><strong>noc</strong></span> <span class='ocrx_word' id='word_1_107' title='bbox 644 1629 820 1704; x_wconf 80' lang='lat' dir='ltr'><strong>clementiae</strong></span> <span class='ocrx_word' id='word_1_108' title='bbox 842 1650 927 1706; x_wconf 83' lang='lat' dir='ltr'><strong>simul</strong></span> <span class='ocrx_word' id='word_1_109' title='bbox 951 1665 987 1705; x_wconf 85' lang='lat' dir='ltr'><strong>ac</strong></span> 
     </span>
     <span class='ocr_line' id='line_1_16' title="bbox 118 1729 987 1821; baseline 0.001 -17"><span class='ocrx_word' id='word_1_110' title='bbox 118 1729 299 1806; x_wconf 78' lang='lat' dir='ltr'><strong>‘severitatis</strong></span> <span class='ocrx_word' id='word_1_111' title='bbox 327 1765 386 1804; x_wconf 90' lang='lat' dir='ltr'><strong>non</strong></span> <span class='ocrx_word' id='word_1_112' title='bbox 412 1749 572 1820; x_wconf 86' lang='lat' dir='ltr'><strong>poeniteat.</strong></span> <span class='ocrx_word' id='word_1_113' title='bbox 627 1749 722 1821; x_wconf 80' lang='lat' dir='ltr'><strong>Saepe</strong></span> <span class='ocrx_word' id='word_1_114' title='bbox 751 1749 852 1806; x_wconf 85' lang='lat' dir='ltr'><strong>audivi</strong></span> <span class='ocrx_word' id='word_1_115' title='bbox 875 1748 987 1805; x_wconf 88' lang='lat' dir='ltr'><strong>Princi·</strong></span> 
     </span>
     <span class='ocr_line' id='line_1_17' title="bbox 117 1847 987 1922; baseline 0 -18"><span class='ocrx_word' id='word_1_116' title='bbox 117 1852 200 1920; x_wconf 84' lang='lat' dir='ltr'><strong>‘pem</strong></span> <span class='ocrx_word' id='word_1_117' title='bbox 222 1855 350 1904; x_wconf 83' lang='lat' dir='ltr'><strong>acetrum</strong></span> <span class='ocrx_word' id='word_1_118' title='bbox 363 1855 598 1922; x_wconf 79' lang='lat' dir='ltr'><strong>conquerentem,</strong></span> <span class='ocrx_word' id='word_1_119' title='bbox 612 1847 636 1904; x_wconf 83' lang='lat' dir='ltr'><strong>ei</strong></span> <span class='ocrx_word' id='word_1_120' title='bbox 652 1848 725 1922; x_wconf 84' lang='lat' dir='ltr'><strong>quis,</strong></span> <span class='ocrx_word' id='word_1_121' title='bbox 748 1854 861 1920; x_wconf 74' lang='lat' dir='ltr'><strong>sumpta</strong></span> <span class='ocrx_word' id='word_1_122' title='bbox 887 1853 987 1916; x_wconf 87' lang='lat' dir='ltr'><strong>morte,</strong></span> 
     </span>
     <span class='ocr_line' id='line_1_18' title="bbox 118 1947 988 2019; baseline 0 -15"><span class='ocrx_word' id='word_1_123' title='bbox 118 1947 363 2004; x_wconf 82' lang='lat' dir='ltr'><strong>‘misericordiam</strong></span> <span class='ocrx_word' id='word_1_124' title='bbox 384 1948 446 2004; x_wconf 83' lang='lat' dir='ltr'><strong>eiua</strong></span> <span class='ocrx_word' id='word_1_125' title='bbox 477 1947 686 2019; x_wconf 77' lang='lat' dir='ltr'><strong>praevenisset.</strong></span> <span class='ocrx_word' id='word_1_126' title='bbox 725 1947 786 2005; x_wconf 83' lang='lat' dir='ltr'><strong>vita</strong></span> <span class='ocrx_word' id='word_1_127' title='bbox 817 1947 928 2004; x_wconf 56' lang='lat' dir='ltr'><strong>lautorii</strong></span> <span class='ocrx_word' id='word_1_128' title='bbox 956 1948 988 2004; x_wconf 91' lang='lat' dir='ltr'><strong>in</strong></span> 
     </span>
     <span class='ocr_line' id='line_1_19' title="bbox 116 2046 989 2120; baseline 0 -18"><span class='ocrx_word' id='word_1_129' title='bbox 116 2046 250 2120; x_wconf 83' lang='lat' dir='ltr'><strong>‘integro</strong></span> <span class='ocrx_word' id='word_1_130' title='bbox 263 2053 328 2116; x_wconf 70' lang='lat' dir='ltr'><strong>ectr</strong></span> <span class='ocrx_word' id='word_1_131' title='bbox 349 2047 398 2120; x_wconf 87' lang='lat' dir='ltr'><strong>qui</strong></span> <span class='ocrx_word' id='word_1_132' title='bbox 421 2064 515 2120; x_wconf 90' lang='lat' dir='ltr'><strong>neque</strong></span> <span class='ocrx_word' id='word_1_133' title='bbox 537 2053 669 2103; x_wconf 78' lang='lat' dir='ltr'><strong>servatus</strong></span> <span class='ocrx_word' id='word_1_134' title='bbox 691 2046 721 2104; x_wconf 93' lang='lat' dir='ltr'><strong>in</strong></span> <span class='ocrx_word' id='word_1_135' title='bbox 747 2047 906 2118; x_wconf 87' lang='lat' dir='ltr'><strong>periculum</strong></span> <span class='ocrx_word' id='word_1_136' title='bbox 922 2047 989 2104; x_wconf 87' lang='lat' dir='ltr'><strong>Rei·</strong></span> 
     </span>
     <span class='ocr_line' id='line_1_20' title="bbox 116 2141 990 2220; baseline -0.002 -16"><span class='ocrx_word' id='word_1_137' title='bbox 116 2147 213 2218; x_wconf 80' lang='lat' dir='ltr'><strong>‘publ</strong></span> <span class='ocrx_word' id='word_1_138' title='bbox 243 2141 338 2220; x_wconf 87' lang='lat' dir='ltr'><strong>neque</strong></span> <span class='ocrx_word' id='word_1_139' title='bbox 362 2145 531 2202; x_wconf 83' lang='lat' dir='ltr'><strong>interiectus</strong></span> <span class='ocrx_word' id='word_1_140' title='bbox 558 2145 779 2218; x_wconf 85' lang='lat' dir='ltr'><strong>inexemplum</strong></span> <span class='ocrx_word' id='word_1_141' title='bbox 805 2145 868 2202; x_wconf 87' lang='lat' dir='ltr'><strong>ibit.</strong></span> <span class='ocrx_word' id='word_1_142' title='bbox 894 2145 990 2202; x_wconf 82' lang='lat' dir='ltr'><strong>eludia</strong></span> 
     </span>
     <span class='ocr_line' id='line_1_21' title="bbox 117 2244 989 2318; baseline -0.002 -16"><span class='ocrx_word' id='word_1_143' title='bbox 117 2245 191 2313; x_wconf 87' lang='lat' dir='ltr'><strong>‘illi,</strong></span> <span class='ocrx_word' id='word_1_144' title='bbox 211 2253 243 2302; x_wconf 82' lang='lat' dir='ltr'><strong>nt</strong></span> <span class='ocrx_word' id='word_1_145' title='bbox 264 2248 352 2318; x_wconf 85' lang='lat' dir='ltr'><strong>plena</strong></span> <span class='ocrx_word' id='word_1_146' title='bbox 369 2245 534 2310; x_wconf 75' lang='lat' dir='ltr'><strong>vecordiae,</strong></span> <span class='ocrx_word' id='word_1_147' title='bbox 555 2245 596 2302; x_wconf 89' lang='lat' dir='ltr'><strong>ita</strong></span> <span class='ocrx_word' id='word_1_148' title='bbox 624 2245 724 2302; x_wconf 86' lang='lat' dir='ltr'><strong>inania</strong></span> <span class='ocrx_word' id='word_1_149' title='bbox 748 2250 778 2300; x_wconf 87' lang='lat' dir='ltr'><strong>et</strong></span> <span class='ocrx_word' id='word_1_150' title='bbox 802 2244 880 2301; x_wconf 81' lang='lat' dir='ltr'><strong>fluxa</strong></span> <span class='ocrx_word' id='word_1_151' title='bbox 904 2249 989 2313; x_wconf 79' lang='lat' dir='ltr'><strong>eunt3</strong></span> 
     </span>
     <span class='ocr_line' id='line_1_22' title="bbox 118 2327 990 2419; baseline -0.002 -18"><span class='ocrx_word' id='word_1_152' title='bbox 118 2349 192 2402; x_wconf 89' lang='lat' dir='ltr'><strong>‘nec</strong></span> <span class='ocrx_word' id='word_1_153' title='bbox 213 2345 369 2419; x_wconf 86' lang='lat' dir='ltr'><strong>quidquem</strong></span> <span class='ocrx_word' id='word_1_154' title='bbox 391 2361 481 2416; x_wconf 85' lang='lat' dir='ltr'><strong>grave</strong></span> <span class='ocrx_word' id='word_1_155' title='bbox 503 2361 539 2400; x_wconf 85' lang='lat' dir='ltr'><strong>nc</strong></span> <span class='ocrx_word' id='word_1_156' title='bbox 562 2344 668 2401; x_wconf 80' lang='lat' dir='ltr'><strong>serium</strong></span> <span class='ocrx_word' id='word_1_157' title='bbox 691 2363 730 2400; x_wconf 82' lang='lat' dir='ltr'><strong>ex</strong></span> <span class='ocrx_word' id='word_1_158' title='bbox 743 2361 780 2400; x_wconf 91' lang='lat' dir='ltr'><strong>eo</strong></span> <span class='ocrx_word' id='word_1_159' title='bbox 805 2351 925 2413; x_wconf 81' lang='lat' dir='ltr'><strong>melnae,</strong></span> <span class='ocrx_word' id='word_1_160' title='bbox 940 2327 990 2418; x_wconf 88' lang='lat' dir='ltr'><strong>qui</strong></span> 
     </span>
     <span class='ocr_line' id='line_1_23' title="bbox 116 2443 990 2517; baseline 0.002 -17"><span class='ocrx_word' id='word_1_161' title='bbox 116 2448 249 2502; x_wconf 82' lang='lat' dir='ltr'><strong>‘euomm</strong></span> <span class='ocrx_word' id='word_1_162' title='bbox 270 2443 529 2517; x_wconf 46' lang='lat' dir='ltr'><strong>ipaevflagitiorum</strong></span> <span class='ocrx_word' id='word_1_163' title='bbox 541 2444 686 2516; x_wconf 86' lang='lat' dir='ltr'><strong>proditor,</strong></span> <span class='ocrx_word' id='word_1_164' title='bbox 711 2463 771 2502; x_wconf 89' lang='lat' dir='ltr'><strong>noa</strong></span> <span class='ocrx_word' id='word_1_165' title='bbox 788 2445 913 2502; x_wconf 83' lang='lat' dir='ltr'><strong>virorum</strong></span> <span class='ocrx_word' id='word_1_166' title='bbox 930 2445 990 2502; x_wconf 88' lang='lat' dir='ltr'><strong>ani·</strong></span> 
     </span>
     <span class='ocr_line' id='line_1_24' title="bbox 120 2543 989 2616; baseline 0.002 -16"><span class='ocrx_word' id='word_1_167' title='bbox 120 2546 202 2610; x_wconf 87' lang='lat' dir='ltr'><strong>‘mie,</strong></span> <span class='ocrx_word' id='word_1_168' title='bbox 222 2545 274 2600; x_wconf 84' lang='lat' dir='ltr'><strong>sed</strong></span> <span class='ocrx_word' id='word_1_169' title='bbox 291 2543 524 2600; x_wconf 73' lang='lat' dir='ltr'><strong>muliercularum</strong></span> <span class='ocrx_word' id='word_1_170' title='bbox 538 2544 659 2616; x_wconf 85' lang='lat' dir='ltr'><strong>adrepit.</strong></span> <span class='ocrx_word' id='word_1_171' title='bbox 686 2545 773 2600; x_wconf 83' lang='lat' dir='ltr'><strong>cedat</strong></span> <span class='ocrx_word' id='word_1_172' title='bbox 798 2551 895 2602; x_wconf 86' lang='lat' dir='ltr'><strong>tamen</strong></span> <span class='ocrx_word' id='word_1_173' title='bbox 909 2548 989 2612; x_wconf 84' lang='lat' dir='ltr'><strong>urbe,</strong></span> 
     </span>
     <span class='ocr_line' id='line_1_25' title="bbox 116 2641 989 2719; baseline 0.006 -20"><span class='ocrx_word' id='word_1_174' title='bbox 116 2647 175 2711; x_wconf 86' lang='lat' dir='ltr'><strong>‘et,</strong></span> <span class='ocrx_word' id='word_1_175' title='bbox 202 2642 286 2700; x_wconf 82' lang='lat' dir='ltr'><strong>bonis</strong></span> <span class='ocrx_word' id='word_1_176' title='bbox 314 2641 439 2708; x_wconf 78' lang='lat' dir='ltr'><strong>amireis,</strong></span> <span class='ocrx_word' id='word_1_177' title='bbox 470 2659 543 2716; x_wconf 86' lang='lat' dir='ltr'><strong>aqua</strong></span> <span class='ocrx_word' id='word_1_178' title='bbox 572 2649 602 2699; x_wconf 91' lang='lat' dir='ltr'><strong>et</strong></span> <span class='ocrx_word' id='word_1_179' title='bbox 630 2643 692 2717; x_wconf 88' lang='lat' dir='ltr'><strong>igni</strong></span> <span class='ocrx_word' id='word_1_180' title='bbox 720 2651 860 2702; x_wconf 86' lang='lat' dir='ltr'><strong>arceatur.</strong></span> <span class='ocrx_word' id='word_1_181' title='bbox 903 2646 989 2719; x_wconf 74' lang='lat' dir='ltr'><strong>Quod</strong></span> 
     </span>
     <span class='ocr_line' id='line_1_26' title="bbox 118 2742 990 2816; baseline 0.001 -17"><span class='ocrx_word' id='word_1_182' title='bbox 118 2742 255 2816; x_wconf 76' lang='lat' dir='ltr'><strong>‘perinde</strong></span> <span class='ocrx_word' id='word_1_183' title='bbox 283 2758 402 2808; x_wconf 79' lang='lat' dir='ltr'><strong>ceaeeo,</strong></span> <span class='ocrx_word' id='word_1_184' title='bbox 426 2757 463 2798; x_wconf 89' lang='lat' dir='ltr'><strong>ac</strong></span> <span class='ocrx_word' id='word_1_185' title='bbox 490 2742 515 2798; x_wconf 80' lang='lat' dir='ltr'><strong>ei</strong></span> <span class='ocrx_word' id='word_1_186' title='bbox 543 2745 609 2815; x_wconf 77' lang='lat' dir='ltr'><strong>lege</strong></span> <span class='ocrx_word' id='word_1_187' title='bbox 635 2743 798 2814; x_wconf 78' lang='lat' dir='ltr'><strong>maiestatis</strong></span> <span class='ocrx_word' id='word_1_188' title='bbox 825 2753 990 2802; x_wconf 72' lang='lat' dir='ltr'><strong>tenerorum</strong></span> 
     </span>
     <span class='ocr_line' id='line_1_27' title="bbox 118 2840 1038 2914; baseline 0.001 -15"><span class='ocrx_word' id='word_1_189' title='bbox 118 2843 203 2899; x_wconf 84' lang='lat' dir='ltr'><strong>Solus</strong></span> <span class='ocrx_word' id='word_1_190' title='bbox 217 2841 334 2914; x_wconf 88' lang='lat' dir='ltr'><strong>Lepido</strong></span> <span class='ocrx_word' id='word_1_191' title='bbox 350 2840 500 2898; x_wconf 79' lang='lat' dir='ltr'><strong>Rubellius</strong></span> <span class='ocrx_word' id='word_1_192' title='bbox 524 2842 653 2898; x_wconf 83' lang='lat' dir='ltr'><strong>Blandus</strong></span> <span class='ocrx_word' id='word_1_193' title='bbox 678 2861 694 2898; x_wconf 89' lang='lat' dir='ltr'><strong>e</strong></span> <span class='ocrx_word' id='word_1_194' title='bbox 710 2843 918 2902; x_wconf 80' lang='lat' dir='ltr'><strong>Consularibus</strong></span> <span class='ocrx_word' id='word_1_195' title='bbox 942 2845 990 2900; x_wconf 89' lang='lat' dir='ltr'><strong>ad-</strong></span> <span class='ocrx_word' id='word_1_196' title='bbox 1001 2851 1038 2907; x_wconf 80' lang='lat'><strong>51</strong></span> 
     </span>
     <span class='ocr_line' id='line_1_28' title="bbox 115 2939 991 3015; baseline 0.002 -17"><span class='ocrx_word' id='word_1_197' title='bbox 115 2941 222 2998; x_wconf 74' lang='lat' dir='ltr'><strong>sensit:</strong></span> <span class='ocrx_word' id='word_1_198' title='bbox 246 2939 339 2998; x_wconf 87' lang='lat' dir='ltr'><strong>ceteri</strong></span> <span class='ocrx_word' id='word_1_199' title='bbox 361 2940 537 2999; x_wconf 77' lang='lat' dir='ltr'><strong>senientiam</strong></span> <span class='ocrx_word' id='word_1_200' title='bbox 555 2941 702 3015; x_wconf 82' lang='lat' dir='ltr'><strong>Agrippae</strong></span> <span class='ocrx_word' id='word_1_201' title='bbox 731 2945 841 3000; x_wconf 82' lang='lat' dir='ltr'><strong>secuti:</strong></span> <span class='ocrx_word' id='word_1_202' title='bbox 875 2946 991 3002; x_wconf 81' lang='lat' dir='ltr'><strong>ductus·</strong></span> 
     </span>
     <span class='ocr_line' id='line_1_29' title="bbox 116 3039 990 3114; baseline 0.005 -18"><span class='ocrx_word' id='word_1_203' title='bbox 116 3041 216 3114; x_wconf 83' lang='lat' dir='ltr'><strong>quein</strong></span> <span class='ocrx_word' id='word_1_204' title='bbox 230 3057 380 3098; x_wconf 86' lang='lat' dir='ltr'><strong>carcerem</strong></span> <span class='ocrx_word' id='word_1_205' title='bbox 402 3039 530 3106; x_wconf 82' lang='lat' dir='ltr'><strong>Priscus,</strong></span> <span class='ocrx_word' id='word_1_206' title='bbox 551 3041 699 3097; x_wconf 82' lang='lat' dir='ltr'><strong>certatim</strong></span> <span class='ocrx_word' id='word_1_207' title='bbox 720 3043 912 3100; x_wconf 81' lang='lat' dir='ltr'><strong>exanimatus.</strong></span> <span class='ocrx_word' id='word_1_208' title='bbox 955 3043 990 3100; x_wconf 88' lang='lat' dir='ltr'><strong>ld</strong></span> 
     </span>
     <span class='ocr_line' id='line_1_30' title="bbox 117 3137 990 3213; baseline -0.001 -16"><span class='ocrx_word' id='word_1_209' title='bbox 117 3139 255 3198; x_wconf 71' lang='lat' dir='ltr'><strong>Tiberine</strong></span> <span class='ocrx_word' id='word_1_210' title='bbox 278 3139 373 3197; x_wconf 78' lang='lat' dir='ltr'><strong>solitis</strong></span> <span class='ocrx_word' id='word_1_211' title='bbox 397 3138 453 3196; x_wconf 85' lang='lat' dir='ltr'><strong>eibi</strong></span> <span class='ocrx_word' id='word_1_212' title='bbox 480 3137 649 3212; x_wconf 79' lang='lat' dir='ltr'><strong>ambagibus</strong></span> <span class='ocrx_word' id='word_1_213' title='bbox 676 3141 752 3213; x_wconf 87' lang='lat' dir='ltr'><strong>apud</strong></span> <span class='ocrx_word' id='word_1_214' title='bbox 779 3143 919 3199; x_wconf 85' lang='lat' dir='ltr'><strong>Senatum</strong></span> <span class='ocrx_word' id='word_1_215' title='bbox 947 3141 990 3197; x_wconf 92' lang='lat' dir='ltr'><strong>in·</strong></span> 
     </span>
     <span class='ocr_line' id='line_1_31' title="bbox 115 3237 990 3311; baseline -0.007 -14"><span class='ocrx_word' id='word_1_216' title='bbox 115 3243 241 3306; x_wconf 77' lang='lat' dir='ltr'><strong>cacavit,</strong></span> <span class='ocrx_word' id='word_1_217' title='bbox 262 3257 329 3296; x_wconf 93' lang='lat' dir='ltr'><strong>cum</strong></span> <span class='ocrx_word' id='word_1_218' title='bbox 345 3241 499 3296; x_wconf 83' lang='lat' dir='ltr'><strong>extolleret</strong></span> <span class='ocrx_word' id='word_1_219' title='bbox 513 3245 522 3271; x_wconf 80' lang='lat'>⁴</span> <span class='ocrx_word' id='word_1_220' title='bbox 534 3238 682 3311; x_wconf 87' lang='lat' dir='ltr'><strong>pietatem,</strong></span> <span class='ocrx_word' id='word_1_221' title='bbox 704 3241 837 3311; x_wconf 83' lang='lat' dir='ltr'><strong>quamvis</strong></span> <span class='ocrx_word' id='word_1_222' title='bbox 860 3237 990 3293; x_wconf 84' lang='lat' dir='ltr'><strong>modicas</strong></span> 
     </span>
     <span class='ocr_line' id='line_1_32' title="bbox 115 3331 990 3411; baseline -0.016 -15"><span class='ocrx_word' id='word_1_223' title='bbox 115 3340 286 3411; x_wconf 81' lang='lat' dir='ltr'><strong>‘Principia</strong></span> <span class='ocrx_word' id='word_1_224' title='bbox 311 3338 432 3394; x_wconf 80' lang='lat' dir='ltr'><strong>iniurias</strong></span> <span class='ocrx_word' id='word_1_225' title='bbox 460 3338 566 3393; x_wconf 85' lang='lat' dir='ltr'><strong>acriter</strong></span> <span class='ocrx_word' id='word_1_226' title='bbox 592 3331 797 3390; x_wconf 83' lang='lat' dir='ltr'><strong>ulciscentium</strong></span> <span class='ocrx_word' id='word_1_227' title='bbox 806 3332 823 3396; x_wconf 71' lang='grc' dir='ltr'><strong>ς’</strong></span> <span class='ocrx_word' id='word_1_228' title='bbox 853 3333 990 3398; x_wconf 67' lang='lat' dir='ltr'><strong>deprrca</strong></span> 
     </span>
     <span class='ocr_line' id='line_1_33' title="bbox 112 3419 991 3509; baseline -0.02 -15"><span class='ocrx_word' id='word_1_229' title='bbox 112 3445 195 3495; x_wconf 87' lang='lat' dir='ltr'><strong>retur</strong></span> <span class='ocrx_word' id='word_1_230' title='bbox 220 3442 301 3493; x_wconf 79' lang='lat' dir='ltr'><strong>‘tam</strong></span> <span class='ocrx_word' id='word_1_231' title='bbox 329 3433 497 3509; x_wconf 79' lang='lat' dir='ltr'><strong>praecipitis</strong></span> <span class='ocrx_word' id='word_1_232' title='bbox 515 3433 674 3490; x_wconf 74' lang='lat' dir='ltr'><strong>uerborum</strong></span> <span class='ocrx_word' id='word_1_233' title='bbox 699 3423 835 3497; x_wconf 61' lang='lat' dir='ltr'><strong>poenae?</strong></span> <span class='ocrx_word' id='word_1_234' title='bbox 861 3419 991 3476; x_wconf 86' lang='lat' dir='ltr'><strong>laudaret</strong></span> 
     </span>
     <span class='ocr_line' id='line_1_34' title="bbox 155 3521 939 3593; baseline 0 -1"><span class='ocrx_word' id='word_1_235' title='bbox 155 3553 231 3593; x_wconf 83' lang='lat' dir='ltr'><strong>von.</strong></span> <span class='ocrx_word' id='word_1_236' title='bbox 253 3553 276 3591; x_wconf 94' lang='lat' dir='ltr'><strong>r.</strong></span> <span class='ocrx_word' id='word_1_237' title='bbox 403 3521 411 3530; x_wconf 22' lang='lat' dir='ltr'>L</span> <span class='ocrx_word' id='word_1_238' title='bbox 599 3526 636 3576; x_wconf 73' lang='grc' dir='ltr'>Μ</span> <span class='ocrx_word' id='word_1_239' title='bbox 935 3521 939 3532; x_wconf 78' lang='grc'><strong>’</strong></span> 
     </span>
    </p>
   </div>
   <div class='ocr_carea' id='block_1_3' title="bbox 0 0 1091 3834">
    <p class='ocr_par' dir='ltr' id='par_1_3' title="bbox 0 0 1091 3834">
     <span class='ocr_line' id='line_1_35' title="bbox 0 0 1091 3834; baseline 0 0"><span class='ocrx_word' id='word_1_240' title='bbox 0 0 1091 3834; x_wconf 95' lang='lat' dir='ltr'><strong> </strong></span> 
     </span>
    </p>
   </div>
  </div>
 </body>
</html>
