2164 3846
98 239 173 309 230
421 261 606 313 inuentum
820 265 972 336 aaran.

97 415 254 487 adoptione
275 415 430 475 Liviorum
451 417 654 493 Iuliorumque,
674 417 865 476 clarissimae.
906 421 971 478 Pri·
1070 387 1071 438 ³

97 529 177 571 mum
201 515 229 572 ei
253 515 467 574 matrimonium
491 523 521 574 et
547 519 630 576 liberi
654 517 732 574 luere
754 535 822 575 oum
844 519 970 578 'I'iborio

98 613 226 680 Nerone,
240 613 289 688 qui
304 603 380 672 bello
395 613 534 673 Perusino
549 615 693 690 prologus,
713 633 786 690 pace
801 617 879 674 inter
894 620 967 676 Sex.
1070 675 1071 682 ,

97 712 269 786 Pompeium
296 731 331 772 tto
359 713 524 771 triumviros
558 723 652 788 pacta,
681 715 710 774 in
739 719 839 772 urbem
868 717 965 775 rediit.

96 809 177 870 Exin
192 813 301 870 Caesar
313 797 450 886 cupidine
463 813 571 870 lormae
585 815 674 871 aufert
695 815 806 881 marito,
821 816 967 875 incertum

96 929 134 968 on
160 912 301 981 invitam3
331 915 405 969 adeo
432 931 577 986 properus,
601 919 642 980 nt,
667 932 703 970 ne
729 914 825 986 spatio
848 916 967 989 quidem

95 1011 133 1068 ad
147 1008 316 1070 enitendum
330 1013 407 1078 dato,
427 1013 585 1070 Penatibus
599 1014 658 1070 suis
677 1013 828 1086 gravitlam
843 1013 966 1072 induxe-

95 1109 142 1168 rit.
185 1110 305 1168 Nullam
327 1113 446 1185 posthac
467 1114 597 1168 subolem
617 1111 725 1168 edidit:
752 1113 813 1175 sed,
827 1113 964 1188 sanguini

96 1211 233 1286 Augusti,
247 1229 298 1284 per
308 1201 544 1269 coniunctionem
560 1211 737 1285 Agrippinae
748 1215 778 1266 et
790 1211 963 1271 Germanici

94 1311 221 1377 adnexa,
248 1327 416 1369 communes
443 1317 615 1384 pronepotes
642 1311 750 1368 hebuit.
794 1313 961 1369 Sanctitate

94 1410 195 1466 domus
211 1412 335 1482 priscum
350 1412 387 1466 ad
409 1428 527 1477 morem,
540 1411 632 1468 comis
648 1413 820 1485 ultraquam
835 1412 960 1486 antiquis

21 1487 37 1565 »i
94 1507 210 1565 lerninis
233 1512 392 1580 probatum,
418 1515 510 1567 mater
536 1510 681 1583 inpotens,
705 1527 777 1566 uxor
800 1511 906 1576 tacitis,
931 1515 962 1567 et

94 1609 282 1666 camertibus
298 1607 401 1675 mariti,
420 1609 605 1666 simulatione
619 1609 680 1675 filii,
700 1611 775 1666 bene
788 1610 961 1680 composita.

94 1707 194 1765 Funus
208 1705 270 1763 eius
292 1708 448 1775 modicum,
469 1715 674 1766 testamentum
694 1708 743 1765 din
766 1709 886 1765 inritum
901 1709 961 1765 luit.

93 1807 209 1864 laudata
224 1812 267 1864 est
290 1824 341 1880 pro
364 1807 461 1864 rostris
482 1826 500 1864 a
522 1808 558 1866 C.
573 1807 698 1865 Caesare
721 1813 891 1880 pronepote,
912 1807 961 1880 qui

62 1905 162 1964 nmox
176 1925 269 1964 rerum
290 1906 394 1980 potitus
408 1915 462 1963 est.
504 1909 547 1964 At
567 1906 715 1970 Tiberius,
728 1907 803 1982 quod
818 1906 959 1977 supremis

91 2005 122 2063 in
138 2012 259 2064 matrem
273 2006 376 2063 officiis
390 2005 537 2072 defuisset,
553 2005 632 2062 ‘nihil
653 2011 763 2061 mutata
781 2005 961 2062 amoenitate

90 2107 180 2174 vitae,
193 2103 413 2183 magnitudinem
426 2103 599 2180 negotiorum
614 2123 664 2177 pet
678 2105 776 2161 literas
786 2103 961 2161 excusavit:

90 2209 270 2282 honoresque
286 2205 440 2264 memoriae
455 2205 516 2261 eius
533 2206 572 2260 ab
593 2206 704 2262 Senatu
723 2205 802 2277 large
816 2204 961 2270 decretos,

89 2309 172 2382 quasi
196 2326 247 2381 per
265 2306 444 2369 modestiam,
468 2303 614 2369 inminuit,
635 2302 733 2376 paucis
747 2303 905 2359 admodum
918 2321 960 2359 re-

89 2409 193 2482 ceptis,
207 2413 236 2464 et
250 2407 358 2471 addito,
377 2422 411 2461 ne
430 2401 555 2460 coelestis
574 2399 676 2475 religio
690 2399 899 2458 decmmatar:
918 2399 959 2457 sic

89 2505 180 2583 t'psom
192 2503 336 2564 induisse.
347 2504 416 2577 quin
431 2509 459 2560 et
475 2508 556 2575 parte
567 2501 697 2558 eiusdem
712 2501 855 2572 epistolae
866 2500 960 2556 incre·

58 2671 62 2694 ι
88 2607 150 2678 puit
174 2604 315 2672 orrricitias
340 2601 495 2666 nomba,
522 2602 636 2658 Folium
657 2599 817 2657 Consrrlem
837 2595 955 2674 oblique
1025 2601 1027 2604 ’

88 2707 292 2778 perstringens.
345 2705 375 2762 Is
400 2702 494 2777 gratia
523 2705 672 2773 Augustae
701 2697 843 2764 floruerat,
870 2706 954 2770 eptm

11 2786 47 2832 ν
88 2803 261 2860 adliciendis
280 2803 452 2860 saminamm
470 2801 594 2868 enimin
614 2799 703 2856 dicax
717 2799 804 2860 idem,
819 2803 848 2852 et
865 2797 954 2852 ‘l'ibe

10 2901 23 2930 r
88 2903 161 2960 rium
185 2903 298 2958 acerbis
320 2903 435 2959 lucetiis
459 2901 584 2958 inridere
604 2899 718 2964 solitos,
736 2903 857 2972 quarum
878 2895 952 2967 apud

10 2976 15 3012 ³
57 3005 291 3074 3praepotentes
310 3000 341 3057 in
361 3003 479 3074 longum
505 2997 714 3064 memoriaest.
756 2996 895 3052 Ceterum
916 3011 955 3052 ex

87 3117 124 3156 co
139 3107 289 3171 praempta
304 3099 361 3155 iam
376 3105 405 3155 et
420 3118 524 3170 urgens
538 3097 707 3154 dominatio.
722 3113 799 3159 nam,
813 3091 954 3151 incolumi

87 3201 230 3270 Augusta,
251 3203 313 3252 erat
334 3199 428 3250 adlruc
449 3197 625 3270 perfugium
647 3197 714 3270 quia
734 3195 859 3251 Tiberio
873 3193 954 3250 inve·

86 3299 208 3350 teratum
223 3312 290 3366 erga
310 3297 429 3348 matrem
450 3295 629 3366 obsequium,
648 3313 742 3368 neque
766 3291 892 3349 Seianus
907 3309 954 3348 au-

112 3439 228 3508 Sangnini
244 3445 284 3508 Aa
317 3441 354 3502 stt]
385 3441 443 3486 Nam
462 3441 606 3490 Germanicus
626 3443 701 3492 Druso
714 3433 786 3506 ortus,
803 3443 885 3494 liviae
903 3458 956 3492 san·

82 3509 142 3550 tute:
161 3501 284 3562 Agrippina
331 3499 490 3559 tutiasanguis
501 3503 604 3560 Augusti.
635 3503 697 3561 Lipt.
