2134 3826
111 215 238 264 sorr,
346 195 777 298 uerecundiam.
937 201 985 272 95

109 385 163 442 que
189 367 295 427 liberis
330 373 461 437 onustus,
488 369 540 428 sed
577 372 694 429 suberat
721 375 838 432 oeoutte
863 375 988 436 formido

111 469 326 540 reputantibus,
342 471 350 500 ⁸
364 469 442 526 houd
457 485 622 542 prosperum
641 471 672 527 iu
689 471 794 540 Druso,
810 478 891 546 patre
915 463 1000 544 eins,

112 565 261 622 ‘savorem
288 565 389 640 vulgi:
423 569 599 626 avunoutnm
627 571 767 635 eiusdem,
804 570 987 642 Marcellum,

114 665 324 738 ‘flagramibus
340 664 432 736 piebis
446 665 549 723 studiis
567 667 643 723 intre
659 667 811 726 iuventam
838 677 985 742 ereptum:

115 765 239 820 ‘breues
253 767 286 820 et
299 763 439 820 infaustos
455 763 559 837 Populi
575 765 701 822 Romani
729 765 861 824 amores!
902 767 987 824 Oete·
997 758 1038 818 42

114 879 174 920 rum
204 861 357 928 Tiberius,
388 863 506 922 nomine
538 863 719 932 Germanioi,
747 871 880 922 trecenos
908 865 988 937 plebi

115 959 268 1017 sestertios
283 959 396 1016 viritim
419 961 512 1028 dedit,
533 979 621 1035 seque
645 965 790 1036 collegam
815 964 988 1020 Consulatni

115 1059 176 1116 sitas
186 1058 363 1116 destinavit*
382 1075 438 1116 neo
452 1060 519 1116 iden
532 1060 665 1117 sincerae
689 1061 818 1117 ueritatis
833 1063 920 1118 tidem
940 1063 988 1118 ad·

113 1163 238 1225 mentun,
253 1156 368 1214 amoliri
377 1157 515 1214 iuvenem
534 1160 633 1230 speeie
647 1161 880 1222 honorisstatuit.
894 1157 988 1218 strux-

117 1255 197 1330 itque
217 1272 348 1322 caussas,
372 1262 422 1313 eut
446 1257 518 1313 forte
539 1260 652 1315 obtatas
666 1258 800 1336 adripuit.
841 1257 907 1316 Rex
933 1259 988 1340 dr·

115 1355 235 1412 odeleus
245 1353 515 1430 quinquagesimum
528 1373 636 1414 annunt
654 1357 842 1432 Cappadocia
857 1358 986 1430 potieba-

116 1458 178 1522 tur,
198 1452 316 1510 invisus
330 1452 463 1521 Tiberio,
475 1456 550 1528 quod
564 1471 630 1512 eum
646 1455 742 1512 Rhodi
756 1461 890 1528 agentem
905 1459 987 1514 nulio

115 1552 213 1610 officio
240 1550 388 1608 noluisset.
423 1570 478 1609 nec
500 1553 530 1609 id
556 1555 719 1610 Archelaus
746 1571 796 1626 per
822 1556 987 1628 superbiam

114 1650 263 1716 omiserat,
276 1650 329 1705 sed
355 1651 393 1706 ab
406 1649 517 1707 intimis
540 1651 664 1723 Augusti
678 1651 803 1709 monitus
818 1672 825 1708 :
846 1653 922 1727 quie,
937 1653 986 1710 do·

117 1756 199 1806 rente
224 1747 262 1806 0.
283 1748 411 1805 Caesare
434 1749 577 1822 missoque
596 1750 632 1806 nd
661 1767 706 1806 res
726 1751 864 1819 Orientis,
892 1751 987 1808 intuta

117 1835 244 1904 Tiberii
270 1845 402 1902 amicitia
414 1847 595 1904 credebatur.
635 1847 690 1914 vt,
717 1865 803 1906 versa
828 1849 987 1906 Caesarum

116 1947 227 2013 sobole,
240 1944 393 2016 imperium
407 1947 528 2018 adeptus
542 1951 596 2014 est,
618 1946 701 2005 etioit
726 1947 904 2005 Arnheluum
929 1964 1003 2004 mu.

116 2044 166 2101 tris
190 2042 308 2108 titteris,
320 2060 406 2116 quae,
427 2061 486 2100 non
499 2045 688 2102 dissimulatis
702 2044 756 2102 titii
770 2045 987 2125 offensionibus,

113 2140 309 2200 elementiam
334 2141 482 2208 offerebat,
495 2143 520 2199 si
539 2144 576 2200 ad
601 2145 777 2215 precandum
798 2142 922 2198 veniret.
936 2141 987 2200 ute

114 2242 236 2316 ignarus
248 2241 320 2308 doli,
337 2242 395 2308 vet,
408 2241 434 2298 si
461 2240 626 2315 intelligere
654 2241 828 2307 crederetur,
843 2238 904 2294 vim
931 2255 989 2295 me·

112 2345 212 2406 tuens,
222 2339 255 2396 in
268 2340 367 2396 urbem
381 2345 533 2412 properat:
548 2345 747 2412 exceptusque
761 2335 868 2394 immiti
883 2335 990 2394 aPrin·

110 2440 194 2513 eine,
206 2443 237 2494 et
253 2453 321 2494 mox
342 2442 495 2494 aecusatus
519 2437 551 2495 in
567 2439 700 2505 Senotu3
720 2451 779 2494 uon
793 2435 832 2491 ob
857 2433 991 2503 erimina,

113 2555 191 2614 quae
211 2537 403 2618 fingebantur,
416 2535 468 2592 sed
488 2552 606 2608 augore,
618 2535 702 2592 simut
727 2535 818 2591 tessus
845 2533 937 2601 senio,
961 2537 993 2592 et

114 2635 312 2712 quie‘regibus
326 2649 427 2707 aequa,
441 2635 548 2691 nedum
562 2633 670 2699 intima,
684 2632 993 2699 tundamentum

110 2735 208 2801 sitne,
232 2737 338 2804 sponte
353 2749 391 2788 au
412 2732 481 2798 suto,
496 2731 642 2804 implevit.
682 2731 818 2806 Regnum
831 2733 862 2788 in
878 2731 994 2804 provin·

111 2835 194 2892 eiam
209 2831 359 2888 sedentum
373 2835 428 2896 est,
442 2827 643 2908 fructibusque
654 2827 715 2886 eiua
733 2827 822 2886 uvare
830 2845 913 2905 posse
932 2844 994 2885 uere

110 2931 228 2992 numne
249 2927 369 3004 nauigat
392 2929 534 3002 protessus
563 2929 681 2996 Caesar,
704 2929 935 2986 ducentesimam
960 2927 993 2984 in

112 3039 266 3106 posterum
279 3027 390 3085 statuit.
432 3027 489 3084 Per
502 3027 581 3084 idem
603 3033 724 3099 tempus,
740 3026 892 3084 Antiocho
907 3026 994 3083 Gom·

145 3221 328 3279 numeneus·
345 3219 459 3281 aestutiae]
491 3219 549 3268 Tres
568 3233 646 3266 aureos
665 3220 788 3272 Romanos,
809 3221 895 3274 nostros
909 3218 994 3273 septem

110 3281 422 3388 gigiltfipggsiigegudriffitconues
431 3287 549 3338 argenteos
565 3275 746 3325 etdimidiatu’m.
782 3276 852 3320 Orsa.
884 3273 995 3317 Monetae

144 3419 199 3466 Rea
208 3415 344 3476 Archelaus]
377 3415 427 3462 Rex
436 3415 606 3476 Cappadocum,
620 3425 666 3458 nou
677 3398 907 3498 ludaeeetetrsrehs
