2164 3846
99 225 173 294 216
423 245 610 298 annnmvu
824 247 978 296 avaro.

99 401 217 461 ‘missis
230 401 262 460 in
276 399 434 461 Grseoinm
456 403 579 478 populis,
591 401 641 460 oui
654 418 726 461 mox
741 417 760 460 s
787 399 899 477 Pelope
921 419 973 462 no·

98 501 210 561 ‘men’
224 503 307 560 simul
323 503 452 560 ‘litteras
468 505 684 575 imperatorum,
699 507 731 559 et
742 501 805 560 iota
818 501 974 560 nobiseum

98 601 239 659 ‘foedera
253 604 331 659 bello
346 601 551 670 Macedonum,
573 603 793 676 ubertatemque
820 601 972 660 fluminum

99 705 246 769 ‘suorum
269 701 438 775 temperiem
464 701 543 759 ooeli
568 717 605 760 ue
631 701 708 759 dites
734 701 848 759 nirenns
872 697 971 758 terrus'

47 783 88 842 ⁵⁶
100 805 306 860 memorabunt
369 803 410 859 At
444 800 610 876 Smyrnaei,
653 802 779 875 repetite
811 805 970 869 vetustate,

99 907 172 958 ‘neu
187 901 342 968 Tantalus,
358 901 431 958 love
441 906 530 967 odos,
544 900 610 958 illos
622 900 697 968 sire,
713 897 859 965 Theseus,
884 899 971 957 Divi-

99 1005 108 1034 ⁶
122 1017 160 1058 ns
180 1007 210 1057 et
224 1001 286 1074 ipse
300 1001 398 1073 stirpe,
412 999 477 1058 sire
490 1017 548 1058 unu
566 1001 748 1058 Amazonum
761 997 971 1070 nondidistety’

98 1101 320 1159 transscendere
334 1101 369 1157 sd
384 1117 428 1161 es.
442 1098 505 1174 quis
530 1099 657 1156 maxime
681 1099 808 1157 lidebant
822 1098 855 1156 in
876 1098 971 1172 Popu-

98 1199 159 1256 lum
175 1201 337 1258 Romunum
351 1199 465 1265 offioiis,
479 1197 566 1256 misse
581 1197 681 1256 navali
694 1198 791 1270 eopia,
804 1215 866 1255 non
882 1198 970 1255 modo

99 1305 222 1356 externa
248 1300 285 1355 ad
307 1299 393 1362 bella,
414 1298 465 1354 sed
481 1313 556 1372 quue
574 1298 606 1354 io
631 1295 719 1354 ltalia
746 1298 968 1355 tolerabantur:

99 1401 210 1467 ‘neque
224 1397 330 1470 primos
354 1399 494 1467 templum
515 1397 604 1454 Vrbis
627 1396 739 1454 llomee
765 1395 902 1454 sistuisse
923 1397 967 1455 lii.

98 1499 107 1528 ‘
120 1493 227 1552 Porcio
240 1494 377 1560 Consule,
389 1495 502 1569 magnis
514 1495 632 1569 quidem
645 1497 704 1552 ian
719 1494 826 1566 Populi
841 1495 970 1554 Romani

98 1599 107 1628 ‘
120 1595 214 1659 rebus,
228 1594 355 1650 nondum
378 1600 477 1652 tamen
491 1596 528 1652 nd
541 1611 685 1654 summum
698 1595 794 1661 elatis,
808 1601 906 1653 stante
919 1597 969 1654 sd-

97 1691 178 1750 ‘luuo
198 1691 310 1749 Punioa
330 1696 409 1759 urbe,
428 1699 459 1750 et
479 1693 585 1752 validis
606 1711 658 1768 per
691 1693 795 1752 Asiam
820 1693 969 1768 Regibus)

97 1791 181 1850 simul
193 1799 201 1826 ⁸
214 1793 249 1850 L.
266 1791 377 1850 Sdllsm
387 1791 513 1850 -testem’
535 1793 714 1859 adferebant,
728 1793 921 1868 ‘gravissimo
935 1781 969 1854 iu

99 1891 291 1948 ‘discrimine
302 1891 459 1956 exereitus,
473 1892 512 1948 ob
525 1892 712 1965 asperitatem
731 1891 848 1959 hiemis,
866 1898 897 1950 et
917 1911 968 1967 pe·

99 1992 234 2050 ‘nurium
249 1990 349 2056 vestie,
361 2007 428 2048 oum
440 1991 469 2048 id
487 1993 644 2064 Smyrnam
658 1991 689 2048 in
708 1991 886 2050 nonnionem
897 2009 969 2051 nun·

98 2095 107 2125 ‘
118 2089 221 2149 linium
229 2091 311 2157 louet,
319 2105 430 2156 omnes,
443 2091 492 2165 qui
503 2091 668 2157 adstabant,
678 2090 843 2148 detruxisse
853 2091 970 2166 corpori

97 2191 260 2266 ‘tegmina
278 2189 441 2264 nostrisque
465 2189 629 2262 legionibus
643 2187 774 2247 misisse?
813 2190 862 2248 ltu
875 2191 969 2266 rogati

98 2291 274 2349 senientiam
289 2289 399 2354 Patren,
420 2289 599 2362 Smyrnaeus
621 2290 791 2362 praetulero.
832 2289 970 2348 (leumii-

97 2407 154 2465 que
167 2389 274 2448 Vibius
287 2389 409 2454 Marsos,
423 2393 472 2445 ‘ut
494 2387 537 2444 Μ.
551 2388 675 2460 Lepido,
688 2387 737 2446 eui
756 2405 792 2446 es
813 2387 970 2462 provineis

97 2490 289 2549 ‘obvenerat
311 2505 397 2561 super
420 2503 569 2545 numerum
602 2489 754 2562 legeretur,
786 2491 836 2562 qui
863 2486 968 2561 templi

97 2591 219 2646 ‘euram
246 2585 424 2661 suseiperet.’
444 2591 474 2644 et
499 2586 567 2661 quis
589 2586 719 2659 Lepidus
741 2585 804 2660 ipse
822 2586 964 2660 deligere,
1078 2563 1079 2620 i

97 2701 149 2759 per
162 2687 343 2753 modestiam,
365 2689 519 2754 abnuebat,
544 2687 680 2744 Valerius
705 2686 796 2753 Naso,
809 2703 828 2742 e
849 2685 968 2744 Praeto-

43 2767 86 2832 57
98 2785 156 2852 riis,
169 2793 246 2843 eorte
257 2785 360 2844 missus
383 2794 438 2844 est.
478 2787 561 2844 luter
583 2770 665 2860 quoe,
683 2783 733 2842 diu
748 2783 891 2842 meditato
904 2801 969 2858 pro·

96 2887 211 2958 lutoque
225 2885 340 2957 saepius
350 2885 485 2951 oonsilio,
499 2886 618 2942 taudem
639 2885 748 2942 (laesor
761 2883 793 2941 in
808 2879 971 2956 Campani·

96 3001 153 3051 um,
185 2983 286 3056 speeie
318 2983 476 3042 dedionndi
495 2986 613 3056 templa,
633 2984 709 3056 opud
730 2982 863 3056 (lupuam
887 2983 969 3040 lovi·

96 3084 172 3155 opud
194 3083 301 3140 Nolam
337 3083 479 3155 Augusto,
499 3083 550 3138 sed
583 3087 680 3138 oertus
705 3083 897 3154 proculurbe
916 3083 968 3140 de-

94 3197 172 3254 gere.
226 3181 366 3236 (lenssam
390 3180 543 3234 nbsoeesue
563 3195 746 3253 quamquam,
765 3186 883 3236 seoutus
904 3183 967 3253 piu·

94 3277 182 3333 rinos
220 3279 379 3339 suetorum,
417 3275 453 3330 ad
493 3275 597 3332 Seiani
630 3283 707 3334 arten
747 3278 855 3334 retuli:
897 3280 966 3352 quia

93 3377 202 3438 tumen,
221 3372 313 3430 mede
339 3370 400 3425 eim
428 3375 549 3440 patrato,
576 3389 630 3429 sex
658 3381 760 3446 postes
779 3392 874 3432 annos
903 3377 965 3450 pari

91 3477 206 3528 secreto
231 3467 394 3536 coniunxit,
421 3468 588 3543 plerumque
616 3489 798 3544 permoveor,
824 3491 897 3534 uum
925 3475 964 3536 sd
