2166 3834
116 221 187 300 utu
346 245 355 264 ·
424 245 609 296 erumnis
835 249 866 298 s.
882 249 917 297 v.
934 255 982 302 rrs

111 395 243 474 potentis
256 413 343 472 supro
363 399 543 458 memmii:
564 415 642 463 nunc
662 397 817 474 originem,
834 418 940 469 mores,
953 408 989 461 et

109 517 168 574 quo
186 499 315 558 iocinore
333 501 565 558 dominationem
585 507 697 574 ruptum
715 501 791 572 ierit,
814 503 990 574 expediam.

111 599 240 658 Genitos
259 599 414 670 Vulsiniis,
438 606 519 672 petre
541 600 612 657 Seio
634 601 787 674 Strnpone,
805 592 913 674 Eqmte
927 601 991 658 lto·

111 713 206 766 meno,
229 703 259 755 et
284 698 374 771 prime
401 698 524 756 invente
546 699 582 757 0.
607 698 773 769 Geeecrenr,
798 699 839 756 D.
856 699 987 773 Augusti

111 805 259 868 nepotem,
282 803 418 865 rectatus,
443 815 502 856 nnn
526 797 592 856 sine
617 815 736 868 rumore,
754 799 873 872 Apicio,
892 799 985 856 diviti

111 899 141 954 et
166 897 295 971 prodigo,
319 901 446 968 stuprum
473 914 549 954 veno
574 897 706 955 dedisse:
735 914 803 954 mox
828 897 986 956 Tiberium

111 993 201 1052 variis
221 996 328 1054 artibus
342 995 479 1054 devinxit
500 997 584 1063 adeo,
604 1002 636 1054 ut
655 999 807 1053 obscurum
828 997 986 1056 adversum

111 1094 194 1160 elios,
216 1094 342 1154 siliiuni
368 1094 517 1154 incautum
541 1095 901 1178 intectumqueefficerent:
923 1113 986 1154 nun

113 1198 173 1252 isui
200 1195 340 1261 sollertis,
373 1192 493 1270 (quippe
527 1193 631 1274 iisdem
665 1194 774 1250 ortibus
801 1194 898 1250 victus
925 1191 987 1272 est)

40 1275 65 1286 ‘'
112 1309 198 1367 quern
213 1292 309 1350 Deum
329 1292 372 1350 irs
391 1292 423 1350 in
442 1309 504 1350 rem
524 1293 695 1356 Rumonem,
708 1292 790 1350 cuius
811 1292 874 1365 peri
887 1292 985 1352 exitio

56 1401 60 1408 ·
111 1390 207 1463 viguit
219 1391 394 1466 ceciditque.
436 1392 548 1464 Oorpus
561 1391 606 1448 illi
627 1393 755 1448 taborum
769 1392 907 1460 tolerens,
921 1389 986 1450 oni·

87 1473 91 1488 ⁸
111 1503 174 1546 mus
187 1477 299 1545 e'udsx:
327 1489 372 1546 eui
384 1491 536 1566 obtegens,
550 1491 581 1548 in
595 1490 668 1548 elios
681 1491 869 1548 criminator:
897 1489 986 1548 iuxta

111 1586 241 1644 edulntin
254 1592 285 1644 et
305 1589 455 1660 superbie:
484 1592 579 1664 palem
593 1589 770 1662 compositus
791 1590 891 1663 pudor,
901 1588 986 1647 'intus
1074 1615 1075 1652 i

110 1703 223 1744 summe
237 1686 388 1759 apiscendi
403 1687 502 1754 libido,
516 1689 636 1764 eiusque
649 1705 753 1746 caussa
769 1688 856 1746 modo
867 1687 988 1760 largitio
1074 1663 1075 1748 i

110 1791 142 1844 et
157 1789 251 1854 luxus,
269 1787 384 1860 saepius
406 1787 546 1848 industrie
566 1805 601 1846 ec
617 1787 780 1862 vigilantia,
794 1787 871 1844 haud
887 1786 985 1844 minus

80 1880 228 1952 2nnriue,
262 1885 396 1959 quotiens
429 1889 558 1960 parendo
591 1904 682 1962 regno
714 1887 868 1960 linguntur.
909 1885 984 1942 Vim

111 1983 322 2050 Pmelecturee,
340 1984 486 2044 modicum
506 1990 603 2052 entes,
622 1985 760 2063 intendit,
772 1985 916 2057 dispersus
932 1999 984 2056 per

110 2084 211 2140 urbem
223 2083 357 2140 cohortes
378 2100 436 2140 une
455 2083 487 2139 in
502 2088 598 2139 cestre
612 2067 822 2150 conducend03
850 2087 883 2138 ut
896 2081 984 2140 simul

110 2180 234 2254 imperio
260 2181 439 2254 acciperent,
466 2197 642 2253 numeroque
668 2183 700 2237 et
726 2181 828 2236 robore
857 2185 889 2236 et
917 2181 984 2238 visu

111 2279 188 2338 inter
207 2297 238 2336 se
261 2279 367 2336 fiducie
391 2278 473 2351 ipsis,
496 2277 526 2336 iu
548 2282 663 2336 ceteros
686 2282 780 2336 metus
805 2279 980 2336 crederetur.

110 2377 333 2448 Pmetendebct,
361 2377 515 2436 ‘lascivire
528 2377 653 2436 militem
671 2377 839 2435 diductum:
868 2377 898 2434 si
913 2376 983 2450 quid

110 2479 255 2536 ‘subitum
272 2478 395 2550 ingruet,
416 2477 525 2534 meiere
547 2475 659 2534 auxilio
679 2476 788 2549 puriter
808 2474 978 2532 subueniri:

110 2578 158 2632 ‘et
171 2575 300 2635 severius
314 2582 436 2645 acturos,
456 2575 482 2632 si
500 2577 610 2632 vellum
630 2580 772 2633 statuetur
786 2576 887 2648 procul
901 2573 981 2631 urhis
1074 2569 1075 2622 l

110 2671 302 2730 ‘inlecebris’
342 2673 387 2731 Vt
401 2661 530 2746 periente
549 2678 617 2730 sunt
630 2678 734 2742 cestre,
755 2673 888 2745 inrepere
903 2673 982 2746 paul·

108 2770 193 2828 latim
212 2771 351 2830 militares
373 2773 495 2841 enimus,
515 2773 658 2842 ndeundo,
678 2771 873 2844 adpellando:
893 2769 980 2828 simul

108 2855 303 2928 centuriones
323 2887 358 2927 ec
379 2871 529 2928 Tribunos
548 2871 611 2949 ipse
625 2870 762 2944 deligere.
778 2887 872 2943 neque
889 2870 981 2927 Sena·
1074 2893 1075 2942 3

108 2968 183 3026 torio
196 2968 305 3026 ambitu
324 2967 497 3040 abstinebat,
521 2969 646 3026 clientes
668 2985 735 3026 euos
754 2969 914 3024 honoribus
931 2971 983 3024 eut

107 3067 268 3140 prouinciis
281 3059 412 3134 creandi,
431 3067 512 3126 lucili
532 3067 655 3145 Tiberio
668 3072 754 3142 etque
768 3067 810 3124 ite
833 3083 935 3139 prono,
948 3069 982 3122 nt
1074 3063 1075 3122 J

107 3163 212 3220 sudum
231 3163 366 3231 ludorum,
385 3183 444 3222 non
465 3166 552 3222 modo
572 3165 603 3222 in
624 3165 815 3232 sermonibus,
835 3165 889 3221 sed
904 3164 981 3237 opud

44 3257 209 3329 ““Patres
233 3266 264 3317 et
291 3261 433 3332 Populum
460 3263 631 3330 celebraret,
657 3262 773 3337 colique
794 3281 845 3336 per
865 3264 982 3336 tlreetrq
1074 3253 1075 3256 ¹

103 3371 137 3414 et
162 3358 224 3414 loru
249 3357 358 3430 effigies
385 3356 456 3424 eius,
489 3355 622 3430 interque
649 3359 796 3434 principie
830 3363 981 3438 legionum

7 3217 40 3250 Ν

134 3520 308 3584 Quosccs‘ncre]
339 3525 403 3572 Nece
411 3523 487 3584 Drusi,
499 3541 564 3587 quem
574 3543 661 3577 venenu
669 3531 767 3580 sustulit,
799 3531 864 3589 lips.
887 3520 894 3529 ’
