2186 3850
113 250 143 298 s,
158 248 239 297 cru
334 245 405 293 nm.
431 245 479 293 ur.
529 245 608 295 cnr.
636 224 804 296 32.-35.
915 228 989 300 299

113 408 197 462 ‘nno
219 402 274 460 illo
299 399 358 468 die,
382 399 414 458 in
437 400 565 478 aliquem
598 401 766 462 libertorum
804 402 988 462 transferret:

115 509 236 576 ‘reone
247 507 255 535 ‘
268 495 372 568 offers:
386 499 605 574 suscepturum?
646 505 694 561 Ac
705 521 753 570 ne,
767 503 876 560 dumio
890 503 990 562 urbem

113 601 244 669 vehitur,
258 601 296 660 ed
316 601 566 675 poenitentismn
590 603 626 662 L.
641 601 768 660 Vitellio
786 609 817 660 et
839 601 871 660 Ρ.
893 603 989 677 burgo

113 701 250 760 Caecina
272 705 438 767 mutuetur,
454 700 486 759 in
503 701 608 760 eodem
623 701 785 776 gestamine
804 701 904 759 sedeur
925 717 989 774 pus-

110 800 167 866 cir,
195 800 348 874 sruuitque.
390 801 500 859 Crebra
531 807 595 875 post
616 802 689 859 buec
718 803 797 858 lame
827 800 890 867 luit,
911 787 1043 858 inter³4

113 900 250 958 diverses
272 899 416 972 Principis
437 917 536 967 vocer,
555 917 622 958 cum
643 903 729 958 modo
743 902 890 959 incusaret
908 899 988 974 flugi-

113 997 159 1056 tte
178 997 287 1065 uxoris,
314 1001 471 1074 aliquando
490 1001 527 1056 nd
555 999 722 1058 memorium
750 1000 868 1075 coniugi
895 1007 925 1056 et
945 998 989 1056 in·

112 1097 238 1157 lentium
260 1099 413 1157 liberorum
445 1099 655 1166 revolveretur,
679 1117 737 1156 non
758 1099 836 1156 uliud
858 1100 987 1172 prolocu-

114 1201 179 1254 tum
211 1197 375 1267 Vitellium,
395 1215 491 1272 quom,
515 1215 532 1254 ο
544 1196 686 1274 sasinus!
716 1195 869 1254 occulus!
895 1198 988 1255 lustu·

114 1297 174 1355 but'
189 1296 306 1371 quidem
329 1297 491 1364 Narcissus,
512 1295 622 1374 operire
650 1296 786 1372 mbogss
813 1302 839 1353 st
868 1294 926 1352 nm'
945 1312 987 1353 co·

111 1393 194 1473 pium
202 1396 321 1474 fucere.-
339 1399 391 1455 sed
416 1415 474 1456 non
495 1397 563 1454 ideo
584 1396 726 1470 pervicit,
739 1395 809 1471 quin
838 1411 987 1469 suspenso,

113 1501 155 1564 et,
189 1513 246 1570 quo
278 1498 462 1564 ducerentur,
494 1496 672 1554 inclinatura
704 1497 901 1569 responderet,
935 1511 986 1554 ex»

113 1597 270 1670 emptoque
290 1596 353 1653 eius
384 1597 494 1669 Largus
521 1595 655 1653 Caecina
683 1602 817 1653 uteretur.
858 1595 898 1652 El
926 1594 987 1653 ium

113 1699 180 1750 erut
199 1695 231 1751 in
251 1695 390 1768 adspectu
413 1693 594 1762 Messallinu,
613 1695 850 1770 clamitabatque,
877 1691 986 1751 audiret

111 1791 251 1850 Munius
276 1799 302 1850 et
320 1791 481 1850 Britannici
506 1800 647 1858 molesme
665 1811 733 1852 cnm
752 1797 919 1867 obstrepere
938 1810 986 1851 so·

113 1899 242 1960 cusator,
269 1889 372 1949 Silirrm
393 1899 419 1950 et
439 1891 554 1970 nuptias
576 1895 725 1952 reterens:
756 1893 841 1950 simul
865 1891 985 1950 codicil-
1075 1928 1078 1938 ,

114 1993 171 2059 los,
199 1989 352 2050 libidinum
379 1992 503 2058 indices,
531 1993 659 2059 tradidit,
679 1993 782 2067 quibus
811 1991 891 2048 visus
913 1991 986 2048 Oue-

113 2091 189 2149 snrls
210 2097 364 2149 averteret.
406 2093 472 2150 Nec
496 2094 588 2150 multo
602 2099 665 2166 post
685 2092 785 2148 urbem
809 2087 987 2163 ingredienti

114 2191 311 2250 offerebantur
330 2209 499 2250 communes
520 2191 624 2260 liberi3
657 2190 714 2247 uisi
735 2187 889 2246 Narcissus
913 2203 987 2244 anto·

114 2289 175 2348 ueri
186 2307 234 2347 cos
253 2291 392 2349 iussisset.
433 2291 586 2348 Vibidium
598 2291 747 2362 depellere
761 2285 903 2361 nequivit,
916 2285 986 2360 quin

114 2392 208 2448 multo
221 2407 288 2447 curn
301 2390 414 2448 invidis
435 2389 587 2464 flagitaret,
615 2396 672 2446 ‘ne
685 2386 836 2444 indefense
856 2384 986 2442 coniunx

112 2489 227 2546 ‘exitio
258 2491 382 2546 deretur.
423 2488 524 2564 igitur,
559 2487 721 2545 auditurum
757 2484 933 2558 Principem.
954 2488 986 2542 et

115 2588 196 2644 ‘lore
217 2587 348 2645 diluendi
368 2587 500 2646 criminis
524 2583 711 2649 lrcnllnlem,'
723 2583 888 2657 respondit:
912 2583 987 2640 ‘iret

98 2687 254 2744 '‘interim
280 2687 362 2762 virgo
389 2693 420 2744 et
447 2703 530 2770 sucre
546 2683 731 2760 capesseret?
772 2685 879 2742 Mirum
910 2682 986 2741 inter
996 2687 1037 2748 35

114 2785 190 2844 boec
203 2786 352 2844 silentium
366 2785 502 2845 Claudii:
517 2785 656 2842 Vitellius
665 2785 768 2859 ignoro
782 2783 912 2858 propior:
927 2802 986 2842 orn·

116 2887 166 2944 nin
179 2885 283 2942 liberto
294 2885 479 2942 obediebant.
491 2881 618 2960 patefieri
638 2882 747 2941 deornm
762 2881 892 2949 adulteri,
903 2890 986 2960 atqcue

115 2982 186 3042 illuc
205 2981 302 3040 deduci
324 2981 522 3059 inperatorem
541 2983 628 3040 iubet.
672 2985 719 3041 Ac
739 2983 862 3056 primum
883 2983 914 3040 in
936 3000 985 3040 ve·

115 3085 235 3146 stibulo,
259 3082 385 3156 effigiem
408 3083 496 3156 petris
522 3082 601 3155 Sitit,
617 3085 752 3140 consulto
772 3083 898 3140 Senatus
919 3082 985 3136 abo·

116 3183 210 3249 litam,
222 3183 423 3239 demonstrat:
444 3188 514 3245 tum.
534 3181 670 3256 quidquid
685 3181 796 3238 avitum
822 3178 985 3236 Neronibus

113 3287 146 3340 el
188 3281 300 3348 Drusis,
332 3280 361 3337 in
384 3280 507 3353 pretium
533 3281 627 3358 probri
658 3275 1000 3337 cessisse.'incensurn·''

115 3399 172 3457 qne
193 3385 223 3436 et
244 3381 280 3436 nd
301 3379 394 3436 minos
415 3385 622 3453 erumpentem,
641 3379 745 3436 caetris
771 3375 866 3438 insert,
887 3378 986 3444 purete

113 3479 263 3538 concione
297 3477 440 3546 militum3
474 3479 549 3548 apud
573 3494 654 3550 quos,
682 3477 889 3547 praemonente
912 3476 986 3530 Nar·

111 3579 203 3646 cisso,
224 3593 317 3650 puuon
332 3578 422 3634 verba
441 3574 527 3632 lecit:
549 3591 625 3644 num,
646 3572 702 3628 etsi
721 3570 837 3641 iustum,
856 3575 980 3631 doloret*
