<?xml version="1.0" encoding="UTF-8"?>
<!DOCTYPE html PUBLIC "-//W3C//DTD XHTML 1.0 Transitional//EN"
    "http://www.w3.org/TR/xhtml1/DTD/xhtml1-transitional.dtd">
<html xmlns="http://www.w3.org/1999/xhtml" xml:lang="en" lang="en">
 <head>
  <title>
</title>
<meta http-equiv="Content-Type" content="text/html;charset=utf-8" />
  <meta name='ocr-system' content='tesseract 3.04.00' />
  <meta name='ocr-capabilities' content='ocr_page ocr_carea ocr_par ocr_line ocrx_word'/>
</head>
<body>
  <div class='ocr_page' id='page_1' title='image "./operaexrecensio01tacigoog_0273.png"; bbox 0 0 2164 3846; ppageno 0'>
   <div class='ocr_carea' id='block_1_1' title="bbox 81 210 952 281">
    <p class='ocr_par' dir='ltr' id='par_1_1' title="bbox 81 210 952 281">
     <span class='ocr_line' id='line_1_1' title="bbox 81 210 952 281; baseline 0.003 -3"><span class='ocrx_word' id='word_1_1' title='bbox 81 210 156 280; x_wconf 76' lang='lat'>2³2</span> <span class='ocrx_word' id='word_1_2' title='bbox 408 229 592 278; x_wconf 77' lang='lat' dir='ltr'>muunrvu</span> <span class='ocrx_word' id='word_1_3' title='bbox 805 230 952 281; x_wconf 62' lang='lat' dir='ltr'>nurus.</span> 
     </span>
    </p>
   </div>
   <div class='ocr_carea' id='block_1_2' title="bbox 53 382 956 2024">
    <p class='ocr_par' dir='ltr' id='par_1_2' title="bbox 81 382 956 855">
     <span class='ocr_line' id='line_1_2' title="bbox 81 382 956 459; baseline 0 -17"><span class='ocrx_word' id='word_1_4' title='bbox 81 387 231 458; x_wconf 85' lang='lat' dir='ltr'>‘spretum</span> <span class='ocrx_word' id='word_1_5' title='bbox 249 382 381 454; x_wconf 84' lang='lat' dir='ltr'>dolorem</span> <span class='ocrx_word' id='word_1_6' title='bbox 400 383 546 459; x_wconf 81' lang='lat' dir='ltr'>Principis</span> <span class='ocrx_word' id='word_1_7' title='bbox 572 385 610 442; x_wconf 84' lang='lat' dir='ltr'>ab</span> <span class='ocrx_word' id='word_1_8' title='bbox 630 383 759 442; x_wconf 73' lang='lat' dir='ltr'>Senatu:</span> <span class='ocrx_word' id='word_1_9' title='bbox 787 383 956 442; x_wconf 79' lang='lat' dir='ltr'>descivisse</span> 
     </span>
     <span class='ocr_line' id='line_1_3' title="bbox 82 482 954 560; baseline -0.002 -18"><span class='ocrx_word' id='word_1_10' title='bbox 82 486 265 559; x_wconf 77' lang='lat' dir='ltr'>‘populumr</span> <span class='ocrx_word' id='word_1_11' title='bbox 297 483 392 542; x_wconf 81' lang='lat' dir='ltr'>audiri</span> <span class='ocrx_word' id='word_1_12' title='bbox 425 483 484 542; x_wconf 85' lang='lat' dir='ltr'>inm</span> <span class='ocrx_word' id='word_1_13' title='bbox 510 487 542 560; x_wconf 72' lang='lat' dir='ltr'>et</span> <span class='ocrx_word' id='word_1_14' title='bbox 574 482 633 556; x_wconf 75' lang='lat' dir='ltr'>legi</span> <span class='ocrx_word' id='word_1_15' title='bbox 649 500 754 540; x_wconf 84' lang='lat' dir='ltr'>novus</span> <span class='ocrx_word' id='word_1_16' title='bbox 780 483 954 550; x_wconf 77' lang='lat' dir='ltr'><strong>conciones,</strong></span> 
     </span>
     <span class='ocr_line' id='line_1_4' title="bbox 82 581 953 656; baseline -0.002 -14"><span class='ocrx_word' id='word_1_17' title='bbox 82 586 185 642; x_wconf 82' lang='lat' dir='ltr'>‘nors</span> <span class='ocrx_word' id='word_1_18' title='bbox 215 581 334 642; x_wconf 87' lang='lat' dir='ltr'>Patrum</span> <span class='ocrx_word' id='word_1_19' title='bbox 360 583 514 640; x_wconf 88' lang='lat' dir='ltr'>consulta:</span> <span class='ocrx_word' id='word_1_20' title='bbox 553 581 623 656; x_wconf 88' lang='lat' dir='ltr'>qnid</span> <span class='ocrx_word' id='word_1_21' title='bbox 652 581 806 656; x_wconf 87' lang='lat' dir='ltr'>reliquum,</span> <span class='ocrx_word' id='word_1_22' title='bbox 835 583 888 640; x_wconf 88' lang='lat' dir='ltr'>nisi</span> <span class='ocrx_word' id='word_1_23' title='bbox 916 589 953 640; x_wconf 90' lang='lat' dir='ltr'>ut</span> 
     </span>
     <span class='ocr_line' id='line_1_5' title="bbox 83 679 953 757; baseline 0 -17"><span class='ocrx_word' id='word_1_24' title='bbox 83 687 246 757; x_wconf 71' lang='lat' dir='ltr'>‘mperent</span> <span class='ocrx_word' id='word_1_25' title='bbox 271 679 400 740; x_wconf 82' lang='lat' dir='ltr'>terrum?</span> <span class='ocrx_word' id='word_1_26' title='bbox 426 687 467 746; x_wconf 88' lang='lat' dir='ltr'>et,</span> <span class='ocrx_word' id='word_1_27' title='bbox 489 697 613 756; x_wconf 77' lang='lat' dir='ltr'>quorum</span> <span class='ocrx_word' id='word_1_28' title='bbox 636 681 780 754; x_wconf 73' lang='lat' dir='ltr'>imagines</span> <span class='ocrx_word' id='word_1_29' title='bbox 805 699 856 754; x_wconf 93' lang='lat' dir='ltr'>pro</span> <span class='ocrx_word' id='word_1_30' title='bbox 877 700 953 741; x_wconf 83' lang='lat' dir='ltr'>vex·</span> 
     </span>
     <span class='ocr_line' id='line_1_6' title="bbox 84 780 953 855; baseline -0.001 -15"><span class='ocrx_word' id='word_1_31' title='bbox 84 781 166 840; x_wconf 85' lang='lat' dir='ltr'>‘illis</span> <span class='ocrx_word' id='word_1_32' title='bbox 197 780 291 840; x_wconf 82' lang='lat' dir='ltr'>secuti</span> <span class='ocrx_word' id='word_1_33' title='bbox 323 781 427 848; x_wconf 86' lang='lat' dir='ltr'>iurent,</span> <span class='ocrx_word' id='word_1_34' title='bbox 462 781 562 838; x_wconf 88' lang='lat' dir='ltr'>Duces</span> <span class='ocrx_word' id='word_1_35' title='bbox 598 781 847 855; x_wconf 85' lang='lat' dir='ltr'>Imperatoresquo</span> <span class='ocrx_word' id='word_1_36' title='bbox 877 782 953 839; x_wconf 80' lang='lat' dir='ltr'>deli·</span> 
     </span>
    </p>

    <p class='ocr_par' dir='ltr' id='par_1_3' title="bbox 53 876 956 1647">
     <span class='ocr_line' id='line_1_7' title="bbox 53 876 955 956; baseline -0.006 -13"><span class='ocrx_word' id='word_1_37' title='bbox 53 885 92 944; x_wconf 79' lang='lat'>5‘</span> <span class='ocrx_word' id='word_1_38' title='bbox 107 876 244 956; x_wconf 74' lang='lat' dir='ltr'>gerentt’</span> <span class='ocrx_word' id='word_1_39' title='bbox 286 879 377 955; x_wconf 83' lang='lat' dir='ltr'>lgitur</span> <span class='ocrx_word' id='word_1_40' title='bbox 405 879 526 942; x_wconf 75' lang='lat' dir='ltr'>Caesar,</span> <span class='ocrx_word' id='word_1_41' title='bbox 558 878 688 954; x_wconf 79' lang='lat' dir='ltr'>repetitis</span> <span class='ocrx_word' id='word_1_42' title='bbox 719 881 875 936; x_wconf 84' lang='lat' dir='ltr'>adversum</span> <span class='ocrx_word' id='word_1_43' title='bbox 903 897 955 938; x_wconf 84' lang='lat' dir='ltr'>uc·</span> 
     </span>
     <span class='ocr_line' id='line_1_8' title="bbox 85 977 956 1056; baseline -0.003 -17"><span class='ocrx_word' id='word_1_44' title='bbox 85 984 235 1056; x_wconf 78' lang='lat' dir='ltr'>potentat</span> <span class='ocrx_word' id='word_1_45' title='bbox 258 996 360 1038; x_wconf 89' lang='lat' dir='ltr'>nurum</span> <span class='ocrx_word' id='word_1_46' title='bbox 384 979 505 1052; x_wconf 87' lang='lat' dir='ltr'>probris,</span> <span class='ocrx_word' id='word_1_47' title='bbox 528 977 728 1053; x_wconf 84' lang='lat' dir='ltr'>increpitaque</span> <span class='ocrx_word' id='word_1_48' title='bbox 750 996 801 1051; x_wconf 85' lang='lat' dir='ltr'>per</span> <span class='ocrx_word' id='word_1_49' title='bbox 821 979 956 1036; x_wconf 89' lang='lat' dir='ltr'>edictum</span> 
     </span>
     <span class='ocr_line' id='line_1_9' title="bbox 85 1059 955 1161; baseline -0.003 -24"><span class='ocrx_word' id='word_1_50' title='bbox 85 1080 182 1153; x_wconf 82' lang='lat' dir='ltr'>plebe,</span> <span class='ocrx_word' id='word_1_51' title='bbox 200 1083 317 1154; x_wconf 82' lang='lat' dir='ltr'>questus</span> <span class='ocrx_word' id='word_1_52' title='bbox 336 1078 411 1161; x_wconf 81' lang='lat' dir='ltr'>apud</span> <span class='ocrx_word' id='word_1_53' title='bbox 439 1059 550 1144; x_wconf 78' lang='lat' dir='ltr'>Patres,</span> <span class='ocrx_word' id='word_1_54' title='bbox 569 1075 644 1153; x_wconf 85' lang='lat' dir='ltr'>quod</span> <span class='ocrx_word' id='word_1_55' title='bbox 659 1075 769 1154; x_wconf 65' lang='lat' dir='ltr'>fumido</span> <span class='ocrx_word' id='word_1_56' title='bbox 794 1075 880 1136; x_wconf 75' lang='lat' dir='ltr'>nnius</span> <span class='ocrx_word' id='word_1_57' title='bbox 906 1077 955 1134; x_wconf 82' lang='lat' dir='ltr'>Se·</span> 
     </span>
     <span class='ocr_line' id='line_1_10' title="bbox 85 1173 956 1254; baseline 0 -18"><span class='ocrx_word' id='word_1_58' title='bbox 85 1175 193 1236; x_wconf 76' lang='lat' dir='ltr'>sanioris</span> <span class='ocrx_word' id='word_1_59' title='bbox 206 1174 389 1254; x_wconf 76' lang='lat' dir='ltr'>Imperator-in</span> <span class='ocrx_word' id='word_1_60' title='bbox 405 1173 629 1234; x_wconf 73' lang='lat' dir='ltr'>molestandum</span> <span class='ocrx_word' id='word_1_61' title='bbox 644 1173 753 1252; x_wconf 77' lang='lat' dir='ltr'>publice</span> <span class='ocrx_word' id='word_1_62' title='bbox 761 1175 866 1254; x_wconf 77' lang='lat' dir='ltr'>foret:</span> <span class='ocrx_word' id='word_1_63' title='bbox 885 1175 956 1236; x_wconf 50' lang='lat' dir='ltr'>ime*</span> 
     </span>
     <span class='ocr_line' id='line_1_11' title="bbox 84 1274 956 1353; baseline 0 -19"><span class='ocrx_word' id='word_1_64' title='bbox 84 1294 144 1353; x_wconf 72' lang='lat' dir='ltr'>gru</span> <span class='ocrx_word' id='word_1_65' title='bbox 165 1283 258 1336; x_wconf 77' lang='lat' dir='ltr'>snm</span> <span class='ocrx_word' id='word_1_66' title='bbox 280 1274 337 1334; x_wconf 82' lang='lat' dir='ltr'>sibi</span> <span class='ocrx_word' id='word_1_67' title='bbox 362 1280 460 1332; x_wconf 78' lang='lat' dir='ltr'>cuncta</span> <span class='ocrx_word' id='word_1_68' title='bbox 486 1274 666 1348; x_wconf 87' lang='lat' dir='ltr'>postulavit:</span> <span class='ocrx_word' id='word_1_69' title='bbox 700 1292 756 1332; x_wconf 89' lang='lat' dir='ltr'>neo</span> <span class='ocrx_word' id='word_1_70' title='bbox 784 1277 858 1332; x_wconf 88' lang='lat' dir='ltr'>ultra</span> <span class='ocrx_word' id='word_1_71' title='bbox 882 1277 956 1334; x_wconf 84' lang='lat' dir='ltr'>deli-</span> 
     </span>
     <span class='ocr_line' id='line_1_12' title="bbox 87 1373 953 1454; baseline -0.002 -19"><span class='ocrx_word' id='word_1_72' title='bbox 87 1378 227 1441; x_wconf 85' lang='lat' dir='ltr'>beratum,</span> <span class='ocrx_word' id='word_1_73' title='bbox 246 1392 303 1448; x_wconf 89' lang='lat' dir='ltr'>quo</span> <span class='ocrx_word' id='word_1_74' title='bbox 321 1374 425 1440; x_wconf 84' lang='lat' dir='ltr'>minus,</span> <span class='ocrx_word' id='word_1_75' title='bbox 446 1390 504 1432; x_wconf 90' lang='lat' dir='ltr'>non</span> <span class='ocrx_word' id='word_1_76' title='bbox 524 1373 639 1454; x_wconf 78' lang='lat' dir='ltr'>quidam</span> <span class='ocrx_word' id='word_1_77' title='bbox 662 1379 794 1432; x_wconf 79' lang='lat' dir='ltr'>extrema</span> <span class='ocrx_word' id='word_1_78' title='bbox 814 1375 953 1433; x_wconf 85' lang='lat' dir='ltr'>decerne·</span> 
     </span>
     <span class='ocr_line' id='line_1_13' title="bbox 88 1469 954 1548; baseline -0.003 -16"><span class='ocrx_word' id='word_1_79' title='bbox 88 1477 162 1538; x_wconf 82' lang='lat' dir='ltr'>rent,</span> <span class='ocrx_word' id='word_1_80' title='bbox 181 1472 211 1529; x_wconf 90' lang='lat' dir='ltr'>id</span> <span class='ocrx_word' id='word_1_81' title='bbox 230 1472 310 1529; x_wconf 84' lang='lat' dir='ltr'>enim</span> <span class='ocrx_word' id='word_1_82' title='bbox 330 1473 464 1539; x_wconf 89' lang='lat' dir='ltr'>vetitum,</span> <span class='ocrx_word' id='word_1_83' title='bbox 484 1472 545 1539; x_wconf 89' lang='lat' dir='ltr'>sed,</span> <span class='ocrx_word' id='word_1_84' title='bbox 560 1477 679 1548; x_wconf 79' lang='lat' dir='ltr'>puratos</span> <span class='ocrx_word' id='word_1_85' title='bbox 704 1470 744 1529; x_wconf 83' lang='lat' dir='ltr'>ad</span> <span class='ocrx_word' id='word_1_86' title='bbox 760 1469 901 1542; x_wconf 68' lang='lat' dir='ltr'>tuitionem,</span> <span class='ocrx_word' id='word_1_87' title='bbox 925 1471 954 1529; x_wconf 86' lang='lat' dir='ltr'>oi</span> 
     </span>
     <span class='ocr_line' id='line_1_14' title="bbox 91 1567 583 1647; baseline -0.004 -17"><span class='ocrx_word' id='word_1_88' title='bbox 91 1567 236 1647; x_wconf 72' lang='lat' dir='ltr'>Principis</span> <span class='ocrx_word' id='word_1_89' title='bbox 254 1567 384 1646; x_wconf 73' lang='lat' dir='ltr'>inmediri</span> <span class='ocrx_word' id='word_1_90' title='bbox 402 1575 583 1628; x_wconf 73' lang='lat' dir='ltr'>testarentur.</span> 
     </span>
    </p>

    <p class='ocr_par' dir='ltr' id='par_1_4' title="bbox 58 1667 956 2024">
     <span class='ocr_line' id='line_1_15' title="bbox 58 1667 956 1746; baseline 0.002 -20"><span class='ocrx_word' id='word_1_91' title='bbox 58 1685 78 1742; x_wconf 74' lang='grc'><strong>6</strong></span> <span class='ocrx_word' id='word_1_92' title='bbox 127 1667 282 1742; x_wconf 80' lang='lat' dir='ltr'>*Quatuor</span> <span class='ocrx_word' id='word_1_93' title='bbox 301 1673 333 1726; x_wconf 86' lang='lat' dir='ltr'>et</span> <span class='ocrx_word' id='word_1_94' title='bbox 365 1669 554 1744; x_wconf 78' lang='lat' dir='ltr'>quadraginta</span> <span class='ocrx_word' id='word_1_95' title='bbox 585 1670 729 1746; x_wconf 86' lang='lat' dir='ltr'>orationes</span> <span class='ocrx_word' id='word_1_96' title='bbox 750 1687 835 1743; x_wconf 88' lang='lat' dir='ltr'>super</span> <span class='ocrx_word' id='word_1_97' title='bbox 856 1688 892 1728; x_wconf 86' lang='lat' dir='ltr'>ea</span> <span class='ocrx_word' id='word_1_98' title='bbox 924 1689 956 1728; x_wconf 90' lang='lat' dir='ltr'>re</span> 
     </span>
     <span class='ocr_line' id='line_1_16' title="bbox 88 1767 955 1844; baseline 0.002 -18"><span class='ocrx_word' id='word_1_99' title='bbox 88 1767 214 1836; x_wconf 82' lang='lat' dir='ltr'>habitae,</span> <span class='ocrx_word' id='word_1_100' title='bbox 234 1785 272 1826; x_wconf 83' lang='lat' dir='ltr'>ex</span> <span class='ocrx_word' id='word_1_101' title='bbox 292 1767 355 1844; x_wconf 88' lang='lat' dir='ltr'>quis</span> <span class='ocrx_word' id='word_1_102' title='bbox 374 1769 412 1825; x_wconf 90' lang='lat' dir='ltr'>ob</span> <span class='ocrx_word' id='word_1_103' title='bbox 432 1773 540 1826; x_wconf 83' lang='lat' dir='ltr'>metum</span> <span class='ocrx_word' id='word_1_104' title='bbox 561 1786 680 1842; x_wconf 80' lang='lat' dir='ltr'>paucae,</span> <span class='ocrx_word' id='word_1_105' title='bbox 706 1772 801 1841; x_wconf 83' lang='lat' dir='ltr'>pluras</span> <span class='ocrx_word' id='word_1_106' title='bbox 821 1772 955 1828; x_wconf 84' lang='lat' dir='ltr'>adsuetu-</span> 
     </span>
     <span class='ocr_line' id='line_1_17' title="bbox 89 1865 955 1944; baseline 0 -16"><span class='ocrx_word' id='word_1_107' title='bbox 89 1868 167 1936; x_wconf 70' lang='lat' dir='ltr'>dine,</span> <span class='ocrx_word' id='word_1_108' title='bbox 187 1865 281 1926; x_wconf 70' lang='lat' dir='ltr'>*mitt</span> <span class='ocrx_word' id='word_1_109' title='bbox 298 1865 494 1944; x_wconf 69' lang='lat' dir='ltr'>pudorosum</span> <span class='ocrx_word' id='word_1_110' title='bbox 512 1865 613 1926; x_wconf 79' lang='lat' dir='ltr'>Seiano</span> <span class='ocrx_word' id='word_1_111' title='bbox 635 1865 768 1926; x_wconf 85' lang='lat' dir='ltr'>inuidiam</span> <span class='ocrx_word' id='word_1_112' title='bbox 790 1867 955 1928; x_wconf 67' lang='lat' dir='ltr'>adnm</span> 
     </span>
     <span class='ocr_line' id='line_1_18' title="bbox 88 1982 190 2024; baseline -0.02 0"><span class='ocrx_word' id='word_1_113' title='bbox 88 1982 190 2024; x_wconf 68' lang='lat' dir='ltr'>domur.</span> 
     </span>
    </p>
   </div>
   <div class='ocr_carea' id='block_1_3' title="bbox 91 2121 959 2540">
    <p class='ocr_par' dir='ltr' id='par_1_5' title="bbox 91 2121 959 2540">
     <span class='ocr_line' id='line_1_19' title="bbox 123 2121 954 2184; baseline 0 -14"><span class='ocrx_word' id='word_1_114' title='bbox 123 2123 153 2170; x_wconf 84' lang='lat' dir='ltr'>Vi</span> <span class='ocrx_word' id='word_1_115' title='bbox 162 2121 279 2181; x_wconf 76' lang='lat' dir='ltr'>Principis</span> <span class='ocrx_word' id='word_1_116' title='bbox 286 2121 392 2180; x_wconf 70' lang='lat' dir='ltr'>impediri</span> <span class='ocrx_word' id='word_1_117' title='bbox 401 2123 542 2184; x_wconf 63' lang='lat' dir='ltr'>adurantur]</span> <span class='ocrx_word' id='word_1_118' title='bbox 574 2121 665 2170; x_wconf 86' lang='lat' dir='ltr'>Malum</span> <span class='ocrx_word' id='word_1_119' title='bbox 676 2125 746 2180; x_wconf 83' lang='lat' dir='ltr'>tuum,</span> <span class='ocrx_word' id='word_1_120' title='bbox 755 2121 856 2179; x_wconf 83' lang='lat' dir='ltr'>Corneli,</span> <span class='ocrx_word' id='word_1_121' title='bbox 867 2124 937 2170; x_wconf 80' lang='lat' dir='ltr'>istum</span> <span class='ocrx_word' id='word_1_122' title='bbox 949 2123 954 2169; x_wconf 94' lang='lat'><strong>!</strong></span> 
     </span>
     <span class='ocr_line' id='line_1_20' title="bbox 91 2181 959 2244; baseline -0.005 -13"><span class='ocrx_word' id='word_1_123' title='bbox 91 2185 145 2232; x_wconf 82' lang='lat' dir='ltr'>Nou</span> <span class='ocrx_word' id='word_1_124' title='bbox 155 2183 249 2244; x_wconf 74' lang='lat' dir='ltr'>paginae</span> <span class='ocrx_word' id='word_1_125' title='bbox 257 2182 350 2242; x_wconf 80' lang='lat' dir='ltr'>aliquot,</span> <span class='ocrx_word' id='word_1_126' title='bbox 360 2181 399 2227; x_wconf 84' lang='lat' dir='ltr'>sed</span> <span class='ocrx_word' id='word_1_127' title='bbox 409 2181 461 2226; x_wconf 79' lang='lat' dir='ltr'>libri</span> <span class='ocrx_word' id='word_1_128' title='bbox 477 2181 513 2226; x_wconf 86' lang='lat' dir='ltr'>lric</span> <span class='ocrx_word' id='word_1_129' title='bbox 522 2181 642 2242; x_wconf 86' lang='lat' dir='ltr'>perierunt,</span> <span class='ocrx_word' id='word_1_130' title='bbox 652 2181 730 2242; x_wconf 84' lang='lat' dir='ltr'>quibus</span> <span class='ocrx_word' id='word_1_131' title='bbox 739 2188 801 2239; x_wconf 79' lang='lat' dir='ltr'>gesta</span> <span class='ocrx_word' id='word_1_132' title='bbox 810 2183 859 2228; x_wconf 84' lang='lat' dir='ltr'>iere</span> <span class='ocrx_word' id='word_1_133' title='bbox 868 2182 959 2230; x_wconf 89' lang='lat' dir='ltr'>triennii</span> 
     </span>
     <span class='ocr_line' id='line_1_21' title="bbox 92 2239 959 2302; baseline -0.005 -12"><span class='ocrx_word' id='word_1_134' title='bbox 92 2241 269 2298; x_wconf 76' lang='lat' dir='ltr'>continebantur,</span> <span class='ocrx_word' id='word_1_135' title='bbox 280 2243 309 2288; x_wconf 85' lang='lat' dir='ltr'>de</span> <span class='ocrx_word' id='word_1_136' title='bbox 325 2239 461 2302; x_wconf 76' lang='lat' dir='ltr'>Agrippinae</span> <span class='ocrx_word' id='word_1_137' title='bbox 478 2239 615 2301; x_wconf 84' lang='lat' dir='ltr'>liberumque</span> <span class='ocrx_word' id='word_1_138' title='bbox 631 2241 678 2288; x_wconf 85' lang='lat' dir='ltr'>eins</span> <span class='ocrx_word' id='word_1_139' title='bbox 694 2239 763 2296; x_wconf 79' lang='lat' dir='ltr'>exitu,</span> <span class='ocrx_word' id='word_1_140' title='bbox 778 2241 808 2285; x_wconf 89' lang='lat' dir='ltr'>de</span> <span class='ocrx_word' id='word_1_141' title='bbox 825 2241 903 2288; x_wconf 84' lang='lat' dir='ltr'>Seiani</span> <span class='ocrx_word' id='word_1_142' title='bbox 919 2255 959 2302; x_wconf 87' lang='lat' dir='ltr'>spe</span> 
     </span>
     <span class='ocr_line' id='line_1_22' title="bbox 92 2299 959 2362; baseline -0.001 -15"><span class='ocrx_word' id='word_1_143' title='bbox 92 2307 225 2362; x_wconf 75' lang='lat' dir='ltr'>conatuque,</span> <span class='ocrx_word' id='word_1_144' title='bbox 241 2303 270 2347; x_wconf 84' lang='lat' dir='ltr'>de</span> <span class='ocrx_word' id='word_1_145' title='bbox 288 2300 386 2346; x_wconf 87' lang='lat' dir='ltr'>eiusdem</span> <span class='ocrx_word' id='word_1_146' title='bbox 404 2313 453 2344; x_wconf 88' lang='lat' dir='ltr'>cum</span> <span class='ocrx_word' id='word_1_147' title='bbox 472 2300 559 2356; x_wconf 75' lang='lat' dir='ltr'>agmine</span> <span class='ocrx_word' id='word_1_148' title='bbox 577 2299 698 2346; x_wconf 82' lang='lat' dir='ltr'>amicorum</span> <span class='ocrx_word' id='word_1_149' title='bbox 723 2303 805 2357; x_wconf 75' lang='lat' dir='ltr'>strage,</span> <span class='ocrx_word' id='word_1_150' title='bbox 829 2299 860 2345; x_wconf 91' lang='lat' dir='ltr'>de</span> <span class='ocrx_word' id='word_1_151' title='bbox 879 2299 959 2346; x_wconf 83' lang='lat' dir='ltr'>livine</span> 
     </span>
     <span class='ocr_line' id='line_1_23' title="bbox 92 2357 959 2420; baseline -0.003 -13"><span class='ocrx_word' id='word_1_152' title='bbox 92 2360 183 2420; x_wconf 70' lang='lat' dir='ltr'>flagitiis</span> <span class='ocrx_word' id='word_1_153' title='bbox 191 2366 215 2406; x_wconf 88' lang='lat' dir='ltr'>et</span> <span class='ocrx_word' id='word_1_154' title='bbox 225 2365 310 2406; x_wconf 84' lang='lat' dir='ltr'>morte:</span> <span class='ocrx_word' id='word_1_155' title='bbox 327 2359 355 2404; x_wconf 84' lang='lat' dir='ltr'>ad</span> <span class='ocrx_word' id='word_1_156' title='bbox 372 2371 487 2412; x_wconf 89' lang='lat' dir='ltr'>summam,</span> <span class='ocrx_word' id='word_1_157' title='bbox 497 2358 537 2402; x_wconf 91' lang='lat' dir='ltr'>llos</span> <span class='ocrx_word' id='word_1_158' title='bbox 550 2357 612 2418; x_wconf 82' lang='lat' dir='ltr'>quasi</span> <span class='ocrx_word' id='word_1_159' title='bbox 629 2357 735 2404; x_wconf 85' lang='lat' dir='ltr'>historiae</span> <span class='ocrx_word' id='word_1_160' title='bbox 750 2361 810 2404; x_wconf 85' lang='lat' dir='ltr'>tuae.</span> <span class='ocrx_word' id='word_1_161' title='bbox 843 2357 911 2404; x_wconf 82' lang='lat' dir='ltr'>Adeo</span> <span class='ocrx_word' id='word_1_162' title='bbox 920 2358 959 2404; x_wconf 90' lang='lat' dir='ltr'>bo·</span> 
     </span>
     <span class='ocr_line' id='line_1_24' title="bbox 92 2415 959 2480; baseline -0.001 -16"><span class='ocrx_word' id='word_1_163' title='bbox 92 2419 126 2466; x_wconf 81' lang='lat' dir='ltr'>nis</span> <span class='ocrx_word' id='word_1_164' title='bbox 136 2419 182 2465; x_wconf 86' lang='lat' dir='ltr'>illis</span> <span class='ocrx_word' id='word_1_165' title='bbox 191 2419 291 2480; x_wconf 86' lang='lat' dir='ltr'>patribus</span> <span class='ocrx_word' id='word_1_166' title='bbox 300 2433 353 2464; x_wconf 82' lang='lat' dir='ltr'>cura</span> <span class='ocrx_word' id='word_1_167' title='bbox 362 2415 474 2476; x_wconf 81' lang='lat' dir='ltr'>otiumque</span> <span class='ocrx_word' id='word_1_168' title='bbox 483 2415 524 2462; x_wconf 90' lang='lat' dir='ltr'>luit</span> <span class='ocrx_word' id='word_1_169' title='bbox 534 2416 659 2462; x_wconf 77' lang='lat' dir='ltr'>describere</span> <span class='ocrx_word' id='word_1_170' title='bbox 668 2415 758 2464; x_wconf 84' lang='lat' dir='ltr'>Orosios</span> <span class='ocrx_word' id='word_1_171' title='bbox 767 2422 791 2462; x_wconf 88' lang='lat' dir='ltr'>et</span> <span class='ocrx_word' id='word_1_172' title='bbox 801 2415 920 2477; x_wconf 74' lang='lat' dir='ltr'><strong>vopiscos,</strong></span> <span class='ocrx_word' id='word_1_173' title='bbox 934 2422 959 2463; x_wconf 85' lang='lat' dir='ltr'>et</span> 
     </span>
     <span class='ocr_line' id='line_1_25' title="bbox 92 2475 630 2540; baseline -0.004 -16"><span class='ocrx_word' id='word_1_174' title='bbox 92 2478 218 2526; x_wconf 83' lang='lat' dir='ltr'>huiusmodi</span> <span class='ocrx_word' id='word_1_175' title='bbox 227 2477 355 2540; x_wconf 82' lang='lat' dir='ltr'>quisquilias</span> <span class='ocrx_word' id='word_1_176' title='bbox 364 2489 418 2536; x_wconf 78' lang='lat' dir='ltr'>prun</span> <span class='ocrx_word' id='word_1_177' title='bbox 426 2481 466 2522; x_wconf 91' lang='lat' dir='ltr'>tuo</span> <span class='ocrx_word' id='word_1_178' title='bbox 475 2489 536 2522; x_wconf 86' lang='lat' dir='ltr'>auro.</span> <span class='ocrx_word' id='word_1_179' title='bbox 567 2475 630 2532; x_wconf 75' lang='lat' dir='ltr'>lrips.</span> 
     </span>
    </p>
   </div>
   <div class='ocr_carea' id='block_1_4' title="bbox 89 2553 961 3323">
    <p class='ocr_par' dir='ltr' id='par_1_6' title="bbox 89 2553 961 3323">
     <span class='ocr_line' id='line_1_26' title="bbox 121 2553 958 2626; baseline -0.001 -23"><span class='ocrx_word' id='word_1_180' title='bbox 121 2556 226 2608; x_wconf 82' lang='lat' dir='ltr'>Quatuor</span> <span class='ocrx_word' id='word_1_181' title='bbox 243 2560 263 2602; x_wconf 83' lang='lat' dir='ltr'>rt</span> <span class='ocrx_word' id='word_1_182' title='bbox 284 2554 433 2626; x_wconf 69' lang='lat' dir='ltr'>quodraginta</span> <span class='ocrx_word' id='word_1_183' title='bbox 450 2553 566 2615; x_wconf 71' lang='lat' dir='ltr'>muliones]</span> <span class='ocrx_word' id='word_1_184' title='bbox 607 2554 670 2605; x_wconf 79' lang='lat' dir='ltr'>Quae</span> <span class='ocrx_word' id='word_1_185' title='bbox 688 2558 805 2616; x_wconf 85' lang='lat' dir='ltr'>praeeunt,</span> <span class='ocrx_word' id='word_1_186' title='bbox 824 2559 889 2612; x_wconf 76' lang='lat' dir='ltr'>gesta</span> <span class='ocrx_word' id='word_1_187' title='bbox 909 2560 958 2603; x_wconf 81' lang='lat' dir='ltr'>mat</span> 
     </span>
     <span class='ocr_line' id='line_1_27' title="bbox 92 2611 958 2674; baseline 0 -14"><span class='ocrx_word' id='word_1_188' title='bbox 92 2613 157 2660; x_wconf 80' lang='lat' dir='ltr'>Fullo</span> <span class='ocrx_word' id='word_1_189' title='bbox 166 2618 190 2660; x_wconf 77' lang='lat' dir='ltr'>ct</span> <span class='ocrx_word' id='word_1_190' title='bbox 199 2615 306 2660; x_wconf 79' lang='lat' dir='ltr'>Rubellro</span> <span class='ocrx_word' id='word_1_191' title='bbox 315 2614 376 2661; x_wconf 82' lang='lat' dir='ltr'>Coss.</span> <span class='ocrx_word' id='word_1_192' title='bbox 394 2611 459 2659; x_wconf 89' lang='lat' dir='ltr'>initio</span> <span class='ocrx_word' id='word_1_193' title='bbox 469 2612 534 2658; x_wconf 85' lang='lat' dir='ltr'>anni:</span> <span class='ocrx_word' id='word_1_194' title='bbox 551 2613 606 2658; x_wconf 85' lang='lat' dir='ltr'>haec</span> <span class='ocrx_word' id='word_1_195' title='bbox 615 2617 690 2660; x_wconf 88' lang='lat' dir='ltr'>autem</span> <span class='ocrx_word' id='word_1_196' title='bbox 707 2613 733 2660; x_wconf 83' lang='lat' dir='ltr'>G.</span> <span class='ocrx_word' id='word_1_197' title='bbox 746 2614 859 2660; x_wconf 77' lang='lat' dir='ltr'>Memmio</span> <span class='ocrx_word' id='word_1_198' title='bbox 869 2615 958 2674; x_wconf 82' lang='lat' dir='ltr'>Regulo</span> 
     </span>
     <span class='ocr_line' id='line_1_28' title="bbox 92 2671 958 2733; baseline 0.001 -15"><span class='ocrx_word' id='word_1_199' title='bbox 92 2678 116 2718; x_wconf 83' lang='lat' dir='ltr'>et</span> <span class='ocrx_word' id='word_1_200' title='bbox 130 2673 233 2719; x_wconf 80' lang='lat' dir='ltr'>Fulcinio</span> <span class='ocrx_word' id='word_1_201' title='bbox 242 2674 333 2720; x_wconf 85' lang='lat' dir='ltr'>Trione.</span> <span class='ocrx_word' id='word_1_202' title='bbox 349 2695 352 2699; x_wconf 93' lang='lat'>·</span> <span class='ocrx_word' id='word_1_203' title='bbox 366 2674 402 2720; x_wconf 78' lang='lat' dir='ltr'>lte</span> <span class='ocrx_word' id='word_1_204' title='bbox 418 2671 577 2718; x_wconf 76' lang='lat' dir='ltr'>interciderunt</span> <span class='ocrx_word' id='word_1_205' title='bbox 593 2677 644 2717; x_wconf 81' lang='lat' dir='ltr'>acts</span> <span class='ocrx_word' id='word_1_206' title='bbox 653 2672 760 2733; x_wconf 82' lang='lat' dir='ltr'>pleraque</span> <span class='ocrx_word' id='word_1_207' title='bbox 769 2672 821 2718; x_wconf 84' lang='lat' dir='ltr'>aeni</span> <span class='ocrx_word' id='word_1_208' title='bbox 837 2675 890 2720; x_wconf 68' lang='lat'>782.</span> <span class='ocrx_word' id='word_1_209' title='bbox 908 2683 958 2719; x_wconf 82' lang='lat' dir='ltr'>acta</span> 
     </span>
     <span class='ocr_line' id='line_1_29' title="bbox 92 2729 958 2792; baseline 0.002 -16"><span class='ocrx_word' id='word_1_210' title='bbox 92 2731 166 2776; x_wconf 83' lang='lat' dir='ltr'>omnia</span> <span class='ocrx_word' id='word_1_211' title='bbox 176 2733 227 2776; x_wconf 92' lang='lat' dir='ltr'>anni</span> <span class='ocrx_word' id='word_1_212' title='bbox 237 2732 356 2792; x_wconf 85' lang='lat' dir='ltr'>sequentis,</span> <span class='ocrx_word' id='word_1_213' title='bbox 372 2746 416 2792; x_wconf 91' lang='lat' dir='ltr'>quo</span> <span class='ocrx_word' id='word_1_214' title='bbox 432 2729 494 2776; x_wconf 82' lang='lat' dir='ltr'>Co‘ss.</span> <span class='ocrx_word' id='word_1_215' title='bbox 511 2730 548 2778; x_wconf 91' lang='lat' dir='ltr'>M.</span> <span class='ocrx_word' id='word_1_216' title='bbox 566 2729 671 2778; x_wconf 86' lang='lat' dir='ltr'>Vinucius</span> <span class='ocrx_word' id='word_1_217' title='bbox 689 2737 712 2776; x_wconf 86' lang='lat' dir='ltr'>et</span> <span class='ocrx_word' id='word_1_218' title='bbox 729 2733 754 2778; x_wconf 73' lang='lat' dir='ltr'>L</span> <span class='ocrx_word' id='word_1_219' title='bbox 771 2731 869 2778; x_wconf 79' lang='lat' dir='ltr'>Cassius.</span> <span class='ocrx_word' id='word_1_220' title='bbox 903 2731 958 2778; x_wconf 87' lang='lat' dir='ltr'>item</span> 
     </span>
     <span class='ocr_line' id='line_1_30' title="bbox 93 2787 959 2849; baseline 0.005 -15"><span class='ocrx_word' id='word_1_221' title='bbox 93 2789 158 2835; x_wconf 88' lang='lat' dir='ltr'>huius</span> <span class='ocrx_word' id='word_1_222' title='bbox 177 2789 236 2842; x_wconf 83' lang='lat' dir='ltr'>nuni.</span> <span class='ocrx_word' id='word_1_223' title='bbox 246 2804 291 2849; x_wconf 89' lang='lat' dir='ltr'>qno</span> <span class='ocrx_word' id='word_1_224' title='bbox 306 2805 334 2836; x_wconf 80' lang='lat' dir='ltr'>ex</span> <span class='ocrx_word' id='word_1_225' title='bbox 350 2791 404 2837; x_wconf 84' lang='lat' dir='ltr'>Kal.</span> <span class='ocrx_word' id='word_1_226' title='bbox 421 2787 481 2836; x_wconf 88' lang='lat' dir='ltr'>Maii</span> <span class='ocrx_word' id='word_1_227' title='bbox 497 2789 581 2836; x_wconf 64' lang='lat' dir='ltr'>sollerti</span> <span class='ocrx_word' id='word_1_228' title='bbox 599 2789 693 2836; x_wconf 80' lang='lat' dir='ltr'>Tiberio</span> <span class='ocrx_word' id='word_1_229' title='bbox 710 2800 734 2835; x_wconf 87' lang='lat' dir='ltr'>et</span> <span class='ocrx_word' id='word_1_230' title='bbox 751 2790 832 2836; x_wconf 76' lang='lat' dir='ltr'>Seiano</span> <span class='ocrx_word' id='word_1_231' title='bbox 849 2791 959 2838; x_wconf 74' lang='lat' dir='ltr'>Consules</span> 
     </span>
     <span class='ocr_line' id='line_1_31' title="bbox 94 2847 958 2910; baseline 0.002 -17"><span class='ocrx_word' id='word_1_232' title='bbox 94 2847 193 2906; x_wconf 78' lang='lat' dir='ltr'>Regulus</span> <span class='ocrx_word' id='word_1_233' title='bbox 211 2852 235 2892; x_wconf 86' lang='lat' dir='ltr'>et</span> <span class='ocrx_word' id='word_1_234' title='bbox 254 2849 317 2894; x_wconf 80' lang='lat' dir='ltr'>Trio.</span> <span class='ocrx_word' id='word_1_235' title='bbox 348 2849 409 2905; x_wconf 62' lang='grc' dir='ltr'><em>Μῖνι.</em></span> <span class='ocrx_word' id='word_1_236' title='bbox 429 2847 464 2894; x_wconf 76' lang='lat' dir='ltr'>td</span> <span class='ocrx_word' id='word_1_237' title='bbox 483 2849 627 2909; x_wconf 78' lang='lat' dir='ltr'>cupiendam</span> <span class='ocrx_word' id='word_1_238' title='bbox 649 2849 767 2896; x_wconf 78' lang='lat' dir='ltr'>Annalium</span> <span class='ocrx_word' id='word_1_239' title='bbox 784 2849 843 2894; x_wconf 85' lang='lat' dir='ltr'>hanc</span> <span class='ocrx_word' id='word_1_240' title='bbox 862 2856 958 2910; x_wconf 85' lang='lat' dir='ltr'>partem,</span> 
     </span>
     <span class='ocr_line' id='line_1_32' title="bbox 92 2865 957 2966; baseline 0.005 -16"><span class='ocrx_word' id='word_1_241' title='bbox 92 2905 211 2952; x_wconf 79' lang='lat' dir='ltr'>infeliciter</span> <span class='ocrx_word' id='word_1_242' title='bbox 224 2905 344 2966; x_wconf 86' lang='lat' dir='ltr'>perditam,</span> <span class='ocrx_word' id='word_1_243' title='bbox 362 2907 455 2953; x_wconf 87' lang='lat' dir='ltr'>multum</span> <span class='ocrx_word' id='word_1_244' title='bbox 471 2865 561 2962; x_wconf 50' lang='lat' dir='ltr'>juvazit</span> <span class='ocrx_word' id='word_1_245' title='bbox 570 2913 595 2952; x_wconf 90' lang='lat' dir='ltr'>nt</span> <span class='ocrx_word' id='word_1_246' title='bbox 609 2908 787 2964; x_wconf 76' lang='lat' dir='ltr'>supptementum</span> <span class='ocrx_word' id='word_1_247' title='bbox 805 2908 875 2954; x_wconf 81' lang='lat' dir='ltr'>adeas</span> <span class='ocrx_word' id='word_1_248' title='bbox 890 2909 957 2954; x_wconf 77' lang='lat' dir='ltr'>Gen:</span> 
     </span>
     <span class='ocr_line' id='line_1_33' title="bbox 92 2964 959 3036; baseline 0.005 -26"><span class='ocrx_word' id='word_1_249' title='bbox 92 2965 218 3022; x_wconf 83' lang='lat' dir='ltr'>Bnornnu,</span> <span class='ocrx_word' id='word_1_250' title='bbox 228 2964 257 3009; x_wconf 88' lang='lat' dir='ltr'>ad</span> <span class='ocrx_word' id='word_1_251' title='bbox 265 2966 329 3010; x_wconf 83' lang='lat' dir='ltr'>tinem</span> <span class='ocrx_word' id='word_1_252' title='bbox 340 2965 388 3012; x_wconf 86' lang='lat' dir='ltr'>Lib.</span> <span class='ocrx_word' id='word_1_253' title='bbox 407 2966 448 3011; x_wconf 91' lang='lat' dir='ltr'>Vl.</span> <span class='ocrx_word' id='word_1_254' title='bbox 463 2967 574 3020; x_wconf 86' lang='lat' dir='ltr'>editionis,</span> <span class='ocrx_word' id='word_1_255' title='bbox 584 2981 649 3036; x_wconf 82' lang='lat' dir='ltr'>quam</span> <span class='ocrx_word' id='word_1_256' title='bbox 661 2967 748 3012; x_wconf 82' lang='lat' dir='ltr'>Parisiis</span> <span class='ocrx_word' id='word_1_257' title='bbox 770 2969 796 3013; x_wconf 62' lang='lat' dir='ltr'>st.</span> <span class='ocrx_word' id='word_1_258' title='bbox 818 2966 848 3013; x_wconf 89' lang='lat' dir='ltr'>D.</span> <span class='ocrx_word' id='word_1_259' title='bbox 871 2971 927 3016; x_wconf 75' lang='lat'><strong>1771</strong></span> <span class='ocrx_word' id='word_1_260' title='bbox 937 2967 959 3014; x_wconf 91' lang='lat' dir='ltr'>in</span> 
     </span>
     <span class='ocr_line' id='line_1_34' title="bbox 90 3021 959 3084; baseline 0.007 -18"><span class='ocrx_word' id='word_1_261' title='bbox 90 3023 162 3070; x_wconf 81' lang='lat' dir='ltr'>forma</span> <span class='ocrx_word' id='word_1_262' title='bbox 168 3029 188 3071; x_wconf 80' lang='grc'>4,</span> <span class='ocrx_word' id='word_1_263' title='bbox 198 3029 228 3069; x_wconf 85' lang='lat' dir='ltr'>ta</span> <span class='ocrx_word' id='word_1_264' title='bbox 240 3021 339 3083; x_wconf 85' lang='lat' dir='ltr'>protulit.</span> <span class='ocrx_word' id='word_1_265' title='bbox 354 3061 356 3066; x_wconf 96' lang='lat'><em>.</em></span> <span class='ocrx_word' id='word_1_266' title='bbox 371 3025 568 3084; x_wconf 82' lang='lat' dir='ltr'>opportunitatem</span> <span class='ocrx_word' id='word_1_267' title='bbox 578 3039 609 3070; x_wconf 85' lang='lat' dir='ltr'>nc</span> <span class='ocrx_word' id='word_1_268' title='bbox 618 3025 716 3070; x_wconf 84' lang='lat' dir='ltr'>oblatam</span> <span class='ocrx_word' id='word_1_269' title='bbox 727 3025 787 3070; x_wconf 83' lang='lat' dir='ltr'>laete</span> <span class='ocrx_word' id='word_1_270' title='bbox 795 3039 892 3081; x_wconf 70' lang='lat' dir='ltr'>amunio,</span> <span class='ocrx_word' id='word_1_271' title='bbox 904 3027 959 3072; x_wconf 90' lang='lat' dir='ltr'>banc</span> 
     </span>
     <span class='ocr_line' id='line_1_35' title="bbox 91 3082 960 3142; baseline 0.002 -14"><span class='ocrx_word' id='word_1_272' title='bbox 91 3083 221 3137; x_wconf 79' lang='lat' dir='ltr'>editionem,</span> <span class='ocrx_word' id='word_1_273' title='bbox 239 3082 394 3141; x_wconf 80' lang='lat' dir='ltr'>pulcerrimum</span> <span class='ocrx_word' id='word_1_274' title='bbox 409 3088 433 3128; x_wconf 87' lang='lat' dir='ltr'>et</span> <span class='ocrx_word' id='word_1_275' title='bbox 452 3085 646 3138; x_wconf 74' lang='lat' dir='ltr'>accuratissimam,</span> <span class='ocrx_word' id='word_1_276' title='bbox 660 3084 737 3140; x_wconf 85' lang='lat' dir='ltr'>juveni</span> <span class='ocrx_word' id='word_1_277' title='bbox 747 3083 843 3142; x_wconf 77' lang='lat' dir='ltr'>ingenuo</span> <span class='ocrx_word' id='word_1_278' title='bbox 852 3090 876 3130; x_wconf 90' lang='lat' dir='ltr'>et</span> <span class='ocrx_word' id='word_1_279' title='bbox 886 3100 960 3130; x_wconf 87' lang='lat' dir='ltr'>rerum</span> 
     </span>
     <span class='ocr_line' id='line_1_36' title="bbox 91 3141 961 3204; baseline 0.005 -18"><span class='ocrx_word' id='word_1_280' title='bbox 91 3141 150 3186; x_wconf 80' lang='lat' dir='ltr'>Rom</span> <span class='ocrx_word' id='word_1_281' title='bbox 160 3163 165 3187; x_wconf 88' lang='lat'>:</span> <span class='ocrx_word' id='word_1_282' title='bbox 177 3146 286 3200; x_wconf 75' lang='lat' dir='ltr'>gestsmm</span> <span class='ocrx_word' id='word_1_283' title='bbox 296 3141 402 3194; x_wconf 83' lang='lat' dir='ltr'>studioso,</span> <span class='ocrx_word' id='word_1_284' title='bbox 414 3145 565 3188; x_wconf 78' lang='lat' dir='ltr'>commendam</span> <span class='ocrx_word' id='word_1_285' title='bbox 575 3159 581 3198; x_wconf 78' lang='lat'>3</span> <span class='ocrx_word' id='word_1_286' title='bbox 592 3142 720 3196; x_wconf 82' lang='lat' dir='ltr'>editionem,</span> <span class='ocrx_word' id='word_1_287' title='bbox 731 3157 797 3204; x_wconf 84' lang='lat' dir='ltr'>quae,</span> <span class='ocrx_word' id='word_1_288' title='bbox 807 3143 855 3188; x_wconf 81' lang='lat' dir='ltr'>sive</span> <span class='ocrx_word' id='word_1_289' title='bbox 863 3145 961 3190; x_wconf 85' lang='lat' dir='ltr'>auctoris</span> 
     </span>
     <span class='ocr_line' id='line_1_37' title="bbox 90 3197 960 3267; baseline 0.008 -25"><span class='ocrx_word' id='word_1_290' title='bbox 90 3197 236 3255; x_wconf 78' lang='lat' dir='ltr'>diligentiam.</span> <span class='ocrx_word' id='word_1_291' title='bbox 247 3197 294 3241; x_wconf 81' lang='lat' dir='ltr'>sire</span> <span class='ocrx_word' id='word_1_292' title='bbox 303 3197 427 3242; x_wconf 87' lang='lat' dir='ltr'>doctrinam</span> <span class='ocrx_word' id='word_1_293' title='bbox 437 3205 460 3242; x_wconf 84' lang='lat' dir='ltr'>et</span> <span class='ocrx_word' id='word_1_294' title='bbox 471 3219 541 3267; x_wconf 68' lang='lat' dir='ltr'>agam</span> <span class='ocrx_word' id='word_1_295' title='bbox 555 3200 686 3260; x_wconf 81' lang='lat' dir='ltr'>exquisitam</span> <span class='ocrx_word' id='word_1_296' title='bbox 705 3210 798 3262; x_wconf 83' lang='lat' dir='ltr'>spectes,</span> <span class='ocrx_word' id='word_1_297' title='bbox 809 3203 892 3248; x_wconf 88' lang='lat' dir='ltr'>merito</span> <span class='ocrx_word' id='word_1_298' title='bbox 902 3202 960 3249; x_wconf 83' lang='lat' dir='ltr'>iute&#39;r</span> 
     </span>
     <span class='ocr_line' id='line_1_38' title="bbox 89 3261 339 3323; baseline -0.02 -15"><span class='ocrx_word' id='word_1_299' title='bbox 89 3265 187 3323; x_wconf 86' lang='lat' dir='ltr'>optimas</span> <span class='ocrx_word' id='word_1_300' title='bbox 195 3261 339 3309; x_wconf 83' lang='lat' dir='ltr'>aestimanda.</span> 
     </span>
    </p>
   </div>
   <div class='ocr_carea' id='block_1_5' title="bbox 84 3341 963 3527">
    <p class='ocr_par' dir='ltr' id='par_1_7' title="bbox 84 3341 963 3527">
     <span class='ocr_line' id='line_1_39' title="bbox 84 3341 961 3415; baseline 0.005 -21"><span class='ocrx_word' id='word_1_301' title='bbox 84 3371 87 3377; x_wconf 53' lang='lat'>¹</span> <span class='ocrx_word' id='word_1_302' title='bbox 118 3347 301 3415; x_wconf 65' lang='lat' dir='ltr'>diiiipudm</span> <span class='ocrx_word' id='word_1_303' title='bbox 311 3341 360 3412; x_wconf 65' lang='grc' dir='ltr'>Μ]</span> <span class='ocrx_word' id='word_1_304' title='bbox 392 3341 591 3395; x_wconf 61' lang='lat' dir='ltr'>’Amamassos</span> <span class='ocrx_word' id='word_1_305' title='bbox 606 3365 633 3397; x_wconf 82' lang='lat' dir='ltr'>ex</span> <span class='ocrx_word' id='word_1_306' title='bbox 650 3351 753 3398; x_wconf 86' lang='lat' dir='ltr'>oratione</span> <span class='ocrx_word' id='word_1_307' title='bbox 762 3350 888 3412; x_wconf 80' lang='lat' dir='ltr'>cuiuspiam</span> <span class='ocrx_word' id='word_1_308' title='bbox 901 3353 961 3398; x_wconf 82' lang='lat' dir='ltr'>dam·</span> 
     </span>
     <span class='ocr_line' id='line_1_40' title="bbox 88 3406 961 3466; baseline 0.003 -13"><span class='ocrx_word' id='word_1_309' title='bbox 88 3409 155 3453; x_wconf 85' lang='lat' dir='ltr'>nandi</span> <span class='ocrx_word' id='word_1_310' title='bbox 166 3409 196 3453; x_wconf 92' lang='lat' dir='ltr'>ob</span> <span class='ocrx_word' id='word_1_311' title='bbox 205 3409 315 3452; x_wconf 76' lang='lat' dir='ltr'>Seianum,</span> <span class='ocrx_word' id='word_1_312' title='bbox 327 3406 359 3444; x_wconf 75' lang='lat' dir='ltr'>uit</span> <span class='ocrx_word' id='word_1_313' title='bbox 376 3409 400 3447; x_wconf 74' lang='lat' dir='ltr'>et</span> <span class='ocrx_word' id='word_1_314' title='bbox 417 3418 508 3462; x_wconf 55' lang='lat' dir='ltr'>sequens</span> <span class='ocrx_word' id='word_1_315' title='bbox 526 3410 656 3454; x_wconf 90' lang='lat' dir='ltr'>membrum.</span> <span class='ocrx_word' id='word_1_316' title='bbox 689 3409 752 3466; x_wconf 76' lang='lat' dir='ltr'>ln&#39;ps.</span> <span class='ocrx_word' id='word_1_317' title='bbox 785 3409 961 3458; x_wconf 86' lang='lat' dir='ltr'>Permixtinnem</span> 
     </span>
     <span class='ocr_line' id='line_1_41' title="bbox 88 3458 963 3527; baseline 0.015 -24"><span class='ocrx_word' id='word_1_318' title='bbox 88 3463 112 3472; x_wconf 83' lang='grc'>“”</span> <span class='ocrx_word' id='word_1_319' title='bbox 170 3466 175 3472; x_wconf 91' lang='grc'><em>“</em></span> <span class='ocrx_word' id='word_1_320' title='bbox 200 3458 383 3518; x_wconf 56' lang='lat' dir='ltr'>&#39;manequentis</span> <span class='ocrx_word' id='word_1_321' title='bbox 393 3459 444 3504; x_wconf 88' lang='lat' dir='ltr'>libri</span> <span class='ocrx_word' id='word_1_322' title='bbox 455 3462 563 3508; x_wconf 79' lang='lat' dir='ltr'>detexisse</span> <span class='ocrx_word' id='word_1_323' title='bbox 573 3471 654 3523; x_wconf 86' lang='lat' dir='ltr'>putant</span> <span class='ocrx_word' id='word_1_324' title='bbox 669 3466 800 3527; x_wconf 78' lang='lat' dir='ltr'>Bipontini3</span> <span class='ocrx_word' id='word_1_325' title='bbox 818 3469 862 3514; x_wconf 82' lang='lat' dir='ltr'>hue</span> <span class='ocrx_word' id='word_1_326' title='bbox 873 3472 963 3516; x_wconf 77' lang='lat' dir='ltr'>trahen-</span> 
     </span>
    </p>
   </div>
   <div class='ocr_carea' id='block_1_6' title="bbox 245 3519 962 3620">
    <p class='ocr_par' dir='ltr' id='par_1_8' title="bbox 245 3519 962 3620">
     <span class='ocr_line' id='line_1_42' title="bbox 245 3519 962 3620; baseline 0.028 -60"><span class='ocrx_word' id='word_1_327' title='bbox 245 3521 310 3620; x_wconf 50' lang='lat'>23³6,</span> <span class='ocrx_word' id='word_1_328' title='bbox 328 3523 362 3570; x_wconf 81' lang='lat' dir='ltr'>tu.</span> <span class='ocrx_word' id='word_1_329' title='bbox 383 3519 492 3576; x_wconf 74' lang='lat' dir='ltr'>leguntur.</span> <span class='ocrx_word' id='word_1_330' title='bbox 525 3521 628 3572; x_wconf 79' lang='lat' dir='ltr'>Blaesum</span> <span class='ocrx_word' id='word_1_331' title='bbox 647 3533 710 3572; x_wconf 88' lang='lat' dir='ltr'>certe</span> <span class='ocrx_word' id='word_1_332' title='bbox 718 3526 785 3580; x_wconf 71' lang='lat' dir='ltr'>[uiue</span> <span class='ocrx_word' id='word_1_333' title='bbox 802 3527 890 3576; x_wconf 83' lang='lat' dir='ltr'>socium</span> <span class='ocrx_word' id='word_1_334' title='bbox 908 3528 962 3580; x_wconf 72' lang='lat' dir='ltr'>cius</span> 
     </span>
    </p>
   </div>
   <div class='ocr_carea' id='block_1_7' title="bbox 0 0 1089 3846">
    <p class='ocr_par' dir='ltr' id='par_1_9' title="bbox 0 0 1089 3846">
     <span class='ocr_line' id='line_1_43' title="bbox 0 0 1089 3846; baseline 0 0"><span class='ocrx_word' id='word_1_335' title='bbox 0 0 1089 3846; x_wconf 95' lang='lat' dir='ltr'> </span> 
     </span>
    </p>
   </div>
  </div>
 </body>
</html>
