2186 3850
125 217 261 270 noas.
354 214 425 266 ura.
450 217 528 267 xsu.
580 215 659 266 oar.
686 195 856 266 34.-36.
934 197 1008 267 375

134 373 328 449 Adieotsque
338 389 376 430 ex
388 372 548 432 Germania
561 373 651 448 tegio,
661 389 729 432 eum
743 373 887 449 equitibus
901 373 1009 442 alariis,

130 481 167 534 et
190 473 322 548 peditatu
340 472 519 532 euboetium:
541 478 726 548 retentusque
744 473 840 530 omnis
861 473 1008 530 exereitus

95 621 99 628 .
131 575 193 633 sub
211 571 345 646 pedibas,
357 571 491 647 quamvis
511 571 609 630 bieme
627 589 718 630 saeva
731 573 815 640 adeo,
836 577 868 630 ut
881 573 1009 630 obducta

133 672 245 750 glaeie,
266 671 324 730 uisi
337 671 441 730 effossa
458 672 569 739 humus,
588 671 720 730 tentoriis
740 673 836 730 ionum
855 689 914 730 noo
929 690 1009 746 prae-

130 775 227 832 beret.
271 769 408 830 Ambusti
433 773 586 829 multorum
607 776 684 829 artus
707 771 738 828 vi
761 771 883 846 frigoris,
897 777 928 828 et
948 772 1008 848 qui-

130 873 204 932 dam
224 870 302 928 iuter
320 870 460 928 excubias
483 870 644 928 exanimati
663 875 740 928 sunt.
783 872 1008 945 Annotatusque

133 972 232 1038 mites,
247 969 296 1046 qui
314 972 423 1029 fascem
446 969 588 1045 tignorum
607 971 750 1044 gestabat,
762 969 803 1028 ita
817 970 1007 1046 praeriguisse

132 1087 246 1138 manus,
263 1077 293 1128 ut
306 1070 389 1128 oneri
403 1071 606 1136 adhaerentes,
627 1069 737 1127 truncis
751 1069 877 1126 braebiis
891 1069 1006 1126 deaide·

132 1177 209 1229 rent.
253 1171 318 1243 lpse
334 1171 413 1227 cuitu
434 1168 505 1236 tevi,
524 1168 623 1242 eapite
644 1169 764 1236 intecto,
783 1168 814 1226 in
835 1170 961 1243 agmine,
975 1169 1007 1226 in

133 1269 293 1336 laboribus,
304 1269 438 1342 frequens
452 1269 571 1324 adesse:
593 1269 707 1325 laudem
721 1268 857 1333 strenuis,
871 1270 1007 1326 solatium

133 1368 286 1436 invalidis,
312 1355 480 1440 enempium
511 1367 645 1424 omuibus
671 1367 835 1424 ostendere.
878 1368 1006 1435 Dehine,

133 1467 202 1544 quia
216 1465 352 1524 duritiem
366 1465 442 1523 eaeii
464 1464 643 1540 militiaeque
664 1465 748 1524 matti
767 1468 945 1534 abnuebant,
958 1468 1007 1524 de·

134 1567 336 1640 sciebamque,
370 1565 529 1621 remedium
566 1565 724 1624 severitate
757 1566 919 1641 quaesitum
952 1571 1006 1624 est.

134 1665 165 1724 N
168 1681 203 1721 ee
217 1664 307 1730 enim,
321 1669 351 1720 ut
365 1663 396 1721 iu
410 1663 476 1720 atiis
490 1663 676 1733 exercitibus,
689 1665 813 1738 primum
827 1669 1006 1740 alterumque

133 1763 277 1824 delictum
299 1763 387 1821 venia
418 1765 652 1837 prosequebatur,
678 1765 739 1832 sed,
767 1765 816 1838 qui
837 1765 922 1841 signa
942 1765 1007 1823 reti·

134 1869 247 1940 querat,
262 1861 360 1920 statim
374 1862 472 1935 eapite
487 1878 595 1935 poenas
612 1863 720 1918 luebat.
762 1863 853 1936 idque
867 1879 918 1920 usu
933 1865 1008 1920 saiu-

132 1965 195 2028 bre,
204 1967 233 2020 et
248 1961 446 2019 misericordia
460 1960 563 2018 metius
577 1959 719 2032 adparuit.
733 1959 841 2034 quippe
853 1961 1006 2033 paueiores

133 2061 188 2119 iiia
201 2065 296 2118 eastra
309 2061 472 2127 deseruere,
496 2073 582 2134 quam
596 2073 641 2124 ea,
663 2058 695 2116 io
717 2058 818 2133 quibus
837 2058 1007 2133 ignoscebat·
1063 2082 1065 2086 ·

134 2165 191 2218 tur.
232 2157 354 2216 iuterim
375 2157 511 2225 Corbulo,
530 2157 694 2232 legionibus
715 2157 791 2214 intra
811 2161 907 2214 eastra
926 2156 1061 2216 bebi-36·

132 2256 183 2325 tis,
196 2259 290 2314 donee
310 2267 363 2314 ver
377 2257 569 2324 adoieseeret,
589 2255 797 2329 dispositisque
814 2272 866 2329 per
884 2254 1005 2314 idoneos

132 2360 216 2416 lueos
236 2356 404 2414 eunonium
418 2355 595 2422 'ausiiisriia
617 2371 655 2412 ue
674 2371 800 2427 pugnam
818 2353 926 2426 priores
945 2355 1005 2412 adi·

134 2462 210 2522 rent,
223 2454 371 2528 praedicit.
414 2453 522 2512 Curam
536 2452 745 2528 praesidiorum
757 2454 861 2510 Paetio
873 2451 1005 2525 Orphito,

134 2554 281 2628 Primipiti
301 2555 410 2612 bonore
430 2553 590 2626 periuneto,
611 2553 739 2609 mandat.
780 2552 1006 2625 is,quamquas1

132 2654 267 2712 incautos
282 2654 426 2720 barbaros,
440 2657 470 2709 et
492 2654 566 2708 bene
580 2651 726 2724 gerendae
740 2650 782 2708 rei
796 2667 895 2707 eaeum
909 2649 1004 2708 offerri

133 2751 298 2825 scripserat,
325 2757 416 2808 tenere
441 2766 471 2807 se
503 2745 690 2815 nranimento,
713 2753 739 2806 et
764 2747 886 2806 moimm
911 2747 1004 2826 copias

134 2849 263 2928 opperiri,
276 2850 399 2906 iubetur.
443 2847 501 2905 Sed
521 2851 605 2920 rupto
623 2844 753 2920 imperio,
771 2854 923 2924 postquam
937 2866 1003 2923 pau·

134 2967 188 3008 eae
215 2968 232 3005 e
259 2947 400 3022 proximis
429 2945 559 3004 easteitis
586 2950 696 3004 turmae
723 2949 912 3018 advenerant,
935 2965 1003 3022 pug-

132 3065 258 3122 namque
281 3045 429 3119 imperitia
451 3046 620 3118 poscebant,
640 3063 811 3122 eougressus
830 3065 898 3106 eum
919 3048 1002 3104 boste

132 3147 269 3206 tunditur.
312 3145 351 3204 Et
378 3146 486 3204 damno
512 3143 574 3202 eius
601 3147 744 3215 exterriti,
770 3147 819 3221 qui
843 3145 1002 3203 subsidium

128 3248 207 3314 ¹terre
243 3248 412 3315 debuerant,
449 3263 501 3303 sua
533 3244 653 3321 quisque
691 3245 722 3302 in
754 3253 851 3304 eastra
889 3245 1002 3318 trepida

132 3343 200 3416 iuga
224 3344 345 3402 rediere.
387 3347 473 3420 Quod
497 3345 627 3421 graviter
651 3344 779 3400 Corbulo
802 3342 936 3415 aceepit:
958 3343 1000 3400 ia·

134 3442 331 3520 crepitumque
351 3443 495 3513 Pretium,
516 3449 547 3502 et
571 3443 738 3502 Praefectos
761 3439 925 3517 militesque
944 3447 1000 3500 ten·
