2134 3826
85 233 133 304 32
407 251 590 300 aunrmvu
813 252 843 300 a.
858 250 890 298 v.
906 253 959 300 rar.

87 411 142 476 est,
156 408 252 466 donec
268 407 304 466 ad
325 406 448 466 exitium
473 408 634 464 dederetur.
675 405 793 465 caretur
815 407 963 474 Chaerea,

89 525 157 568 mox
167 509 258 566 caede
268 511 304 565 0.
315 507 451 564 Caesaris
464 507 632 564 memoriam
644 508 718 579 apud
732 517 861 580 posteros
870 508 959 580 adep·

89 613 145 676 tur,
156 615 216 666 turn
232 607 403 665 adolescens
426 612 456 664 et
469 606 559 664 animi
573 607 664 672 teror,
677 606 753 664 inter
764 608 914 662 obstantes
928 611 960 664 et

88 712 215 772 armatos
237 707 312 764 terro
333 706 411 764 viam
434 706 582 780 patefecit.
624 709 693 764 Non
718 706 850 764 tribunus
873 709 961 774 nitra,

89 825 149 866 non
171 812 331 864 castrorum
355 806 574 880 praefecturius
594 807 738 864 obtinuit:
761 807 889 880 vigitiaa,
903 811 960 864 sta·

90 907 196 973 tiones,
215 913 246 981 et
269 907 294 964 si
318 923 374 980 qua
395 906 453 964 alia
479 924 614 980 praesens
636 924 703 964 usus
727 906 884 974 indixerat,
903 905 960 980 ipsi

89 1007 295 1081 partiebantur.
338 1007 382 1074 td,
406 1006 545 1064 militares
559 1006 671 1064 animus
691 1007 778 1064 attius
791 1007 961 1064 coniectan-

90 1105 176 1173 tibus,
191 1105 376 1180 praeeipuam
396 1104 538 1174 indicium
552 1106 651 1180 magni
664 1112 751 1181 atque
765 1105 960 1179 implacabilis

89 1200 195 1272 motus,
207 1207 283 1282 qood
309 1224 401 1280 neque
415 1205 541 1272 disiecti,
562 1223 618 1264 nec
633 1223 788 1278 paucorum
811 1205 961 1274 instinctu,

89 1307 142 1363 sed
157 1306 265 1378 pariter
278 1307 473 1372 ardescerent,
483 1305 590 1378 pariter
602 1305 739 1364 silerent:
761 1310 843 1362 tanta
857 1323 962 1380 aequa·

38 1408 81 1468 33
91 1405 175 1462 litate
188 1410 224 1468 et¹
232 1404 417 1472 constantia,
431 1409 463 1462 ut
482 1404 543 1478 regi
566 1406 709 1462 crederes.
750 1405 867 1462 Interea
889 1405 962 1463 Ger·

91 1503 218 1570 manico,
244 1493 295 1576 per
319 1503 443 1567 Gattias,
468 1510 499 1560 ut
520 1504 656 1569 diximus,
672 1519 777 1562 census
802 1504 964 1578 accipienti

92 1601 269 1661 ‘excessisse
282 1602 461 1676 Augustum,’
472 1604 607 1660 adfertur.
636 1605 764 1677 Neptem
772 1603 844 1671 eius,
856 1604 961 1678 Agrip·

91 1702 202 1776 pinam,
214 1702 243 1759 irr
267 1701 463 1768 matrimonio,
477 1705 628 1778 pluresque
642 1721 680 1760 ex
696 1721 731 1760 ea
755 1704 861 1761 liberos
876 1704 963 1761 babe-

91 1803 150 1860 bat.
193 1803 259 1874 tpse
274 1801 380 1868 Druso,
403 1801 490 1859 tratre
515 1801 640 1868 Tiberii,
662 1803 787 1876 genitus,
809 1805 961 1878 Augustae

91 1919 198 1974 nepos:
214 1902 266 1958 sed
277 1901 383 1959 anxius
390 1902 516 1960 occuttis
527 1903 557 1959 in
572 1920 603 1958 se
619 1903 713 1976 patrui
726 1902 868 1978 aviaeque
876 1903 964 1972 odiis,

91 2019 211 2076 quorum
233 2017 354 2058 caussae
368 2000 503 2068 acriores,
526 2001 592 2075 quia
606 2001 733 2076 iniquae.
748 2002 855 2076 quippe
872 2001 962 2060 Drusi

91 2117 198 2174 magna
210 2102 286 2172 apud
307 2102 444 2174 poputum
465 2101 550 2158 itone.
565 2101 712 2170 memoria,
725 2103 965 2176 credebaturque,

91 2202 119 2259 si
134 2217 227 2258 rerum
242 2200 349 2274 potitus
370 2200 452 2266 toret,
472 2199 635 2258 libertatem
650 2202 820 2268 redditurus,
834 2203 911 2259 unde
932 2203 964 2259 ia

95 2303 304 2362 Germanicum
331 2303 424 2368 iavor,
449 2308 480 2359 et
506 2319 573 2375 spes
601 2303 713 2359 eadem.
755 2301 833 2360 Nam
860 2301 965 2360 inveni

95 2404 187 2462 civite
201 2404 360 2478 ingenium,
384 2402 456 2459 mira
469 2402 602 2469 comitas,
616 2407 648 2459 et
669 2403 788 2459 diversa
808 2419 826 2459 a
847 2402 967 2460 Tiberii

95 2520 238 2569 sermone,
264 2505 355 2568 vuttu,
370 2502 574 2576 adrogantibus
596 2506 626 2557 et
649 2501 788 2558 obscuris.
831 2502 966 2560 Accede·

95 2602 166 2659 bant
191 2601 345 2657 muliebres
369 2600 553 2664 offensiones,
581 2601 786 2658 novercalibus
806 2599 913 2659 Liviae
933 2601 966 2660 in

96 2699 291 2775 Agrippinam
314 2699 457 2768 stimulis3
481 2708 568 2773 atque
592 2699 656 2772 ipsa
680 2698 846 2774 Agrippina
866 2701 967 2773 paulic

96 2789 276 2865 commotior,
291 2798 347 2854 nisi
361 2799 437 2872 quod
451 2799 587 2856 castitate
601 2804 631 2856 et
646 2799 742 2856 mariti
756 2815 853 2855 amore
868 2817 965 2874 quam·

43 2899 143 2960 urvis
168 2897 341 2956 indomitum
374 2895 502 2954 animum
524 2897 555 2954 in
586 2900 693 2955 bonurn
718 2900 861 2956 vertebat.
904 2899 965 2956 Sed

97 2997 299 3063 Germanicus,
319 3001 428 3071 quanto
448 3013 576 3054 summae
596 2996 659 3070 spei
680 2996 804 3070 propior,
818 3001 901 3054 tanto
914 2997 966 3056 im·

97 3096 215 3170 pensius
248 3113 300 3170 pro
325 3095 448 3152 Tiberio
475 3094 540 3152 niti.
583 3096 733 3170 Sequanos
761 3097 908 3170 proximos
935 3101 966 3154 et

97 3195 255 3270 Betgarum
276 3194 414 3252 civitates
435 3193 466 3250 in
491 3195 582 3250 verba
605 3194 668 3252 eius
691 3195 792 3267 adigit.
835 3195 966 3264 Dehinc,

97 3294 197 3351 audito
218 3293 364 3367 legionum
390 3294 521 3360 tumultu,
548 3293 653 3365 raptim
680 3294 834 3366 proiectus,
861 3294 967 3352 obvias

98 3397 290 3452 extracastra
314 3393 421 3462 babuit,
435 3391 559 3450 deiectis
582 3390 614 3448 in
637 3397 742 3448 terram
765 3393 868 3460 ocutis,
883 3395 966 3452 vetut

98 3491 288 3565 poenitentia.
329 3492 486 3568 Postquam
500 3491 610 3548 vatium
628 3489 706 3559 iniit,
717 3490 828 3550 dbsoui
848 3499 968 3567 questus
