2164 3846
122 289 252 338 nora
360 289 428 336 ars.
455 287 503 335 xr.
554 287 632 336 car.
658 270 717 338 24.
744 273 803 338 25.
920 269 993 341 293

119 445 187 500 ‘sus
221 447 344 501 externa
364 429 606 512 floruimussoum
640 445 847 517 Transpadani
867 444 898 503 in
919 446 992 506 civi-

120 546 231 601 ‘tatem
251 543 371 616 recepti,
391 561 467 609 oum,
486 544 586 616 specie
606 545 794 602 deductarum
815 563 865 618 per
891 548 991 606 orbem

120 647 130 674 ⁸
145 648 240 700 terrae
254 642 411 715 legionum,
432 643 538 700 additis
559 643 782 717 provincialium
795 644 991 720 validissimis,

119 742 215 798 ‘lesso
236 741 364 814 Imperio
383 745 557 800 subventum
577 752 635 799 est.
676 743 703 800 N
708 761 755 800 um
770 743 909 816 poenitet,
923 745 1003 802 Belo·-

115 841 190 898 ‘bos
224 859 262 898 ex
298 841 450 915 Hispania,
486 859 541 899 neo
577 842 671 898 minus
704 842 834 918 insignes
872 843 990 901 viroso

120 938 242 996 ‘Gallia
271 939 458 998 Narbonensi
486 938 690 1024 transivisse?
723 941 848 999 Manent
882 944 993 1015 posteri

119 1044 247 1107 ‘eorum
268 1057 324 1096 nea
344 1058 441 1097 amore
461 1039 493 1098 in
523 1041 600 1098 hano
631 1041 753 1114 patriam
782 1041 865 1100 nobis
886 1059 990 1100 nonne·

118 1137 221 1196 ‘duna
263 1139 340 1212 Quiri
361 1139 439 1196 aliud
461 1139 554 1196 exitio
578 1119 820 1198 Lacedaemoniis
851 1148 882 1198 et
899 1143 989 1199 Atus-

118 1236 286 1294 ‘niensibus
316 1237 380 1305 luit,
412 1255 583 1313 quamquam
618 1238 704 1295 armis
735 1241 885 1312 pollerent,
917 1239 988 1308 nisi,

119 1337 218 1410 ‘quod
239 1336 335 1393 victos
355 1355 407 1410 pro
424 1337 597 1411 alienigenis
624 1335 791 1396 arcebant?
827 1341 867 1398 nt
887 1331 995 1396 nonni

118 1437 187 1491 ‘tor
208 1441 306 1492 noster
336 1435 476 1493 R'omulus
507 1443 619 1495 lantum
652 1437 796 1510 sapientia
834 1439 935 1506 valuit,
956 1443 988 1498 ut

119 1535 294 1608 ‘plerosque
322 1538 442 1609 poqrulos
462 1537 565 1594 eodem
598 1535 646 1593 die
669 1538 777 1604 hostes,
809 1523 877 1596 dein
902 1539 986 1597 oives

115 1633 280 1692 ‘habuerit
330 1632 476 1692 Advenae
496 1633 527 1694 iu
552 1653 606 1693 nos
638 1643 841 1712 regnavemnt.
884 1639 986 1696 Liber·

114 1733 261 1792 ‘tinorum
276 1734 343 1791 liliis
360 1733 545 1808 Magistratus
561 1736 701 1804 mandari,
725 1753 785 1794 non
799 1742 831 1794 ui
853 1737 983 1820 plerique

115 1832 287 1900 ⁸,lalluntur
301 1851 414 1926 repens,
435 1835 487 1890 sed
510 1834 596 1906 priori
618 1837 723 1908 populo
741 1836 903 1893 lectitatum
930 1839 985 1894 est

115 1931 178 1990 ‘Al
213 1949 281 1989 oum
306 1917 471 1990 Senonibus
509 1934 714 2008 pugnavimus
739 1934 854 1991 soilioet
881 1934 986 1991 Volsei

118 2036 170 2088 ‘et
186 2032 282 2106 Aequi
304 2048 459 2106 numquam
478 2033 632 2090 adversam
644 2033 726 2090 nobis
746 2033 842 2090 aoiem
856 2031 981 2088 instrux-

115 2126 205 2188 ‘erei
238 2129 327 2201 Capti
356 2147 373 2186 n
407 2129 502 2188 Gallis
528 2148 634 2188 sumus.
655 2132 707 2187 serl
727 2136 757 2187 et
779 2129 886 2186 'l'usois
910 2129 984 2187 obsi·

119 2230 192 2285 ‘vles
212 2228 352 2296 desiimus,
370 2234 401 2286 et
422 2229 597 2289 Samnitium
618 2230 716 2303 iugum
729 2227 899 2286 subivimus.
931 2231 983 2286 Ar-

116 2333 246 2395 ‘lamen‚
266 2328 292 2384 si
304 2332 412 2385 cuneta
432 2330 510 2386 bella
537 2344 699 2402 rosensem,
713 2329 823 2384 nullum
850 2327 982 2398 breviore

112 2427 236 2500 ‘spatia
250 2444 335 2500 quam
356 2427 496 2485 adversus
521 2428 633 2495 Gallos,
652 2426 827 2484 conlectum.
841 2425 981 2484 continua

114 2526 204 2583 ‘inde
217 2543 252 2584 ao
267 2527 323 2584 fiala
337 2543 404 2599 pax.
446 2527 508 2584 lam
524 2527 657 2593 moribus,
685 2525 802 2592 artibus,
824 2509 982 2583 adfinitati·

116 2627 188 2682 ‘bus
198 2626 301 2682 nostris
316 2625 410 2693 minti,
425 2642 523 2684 aurum
538 2632 568 2682 et
582 2643 651 2697 opes
665 2643 731 2682 suas
741 2624 867 2694 inierant
877 2624 981 2696 potius,

114 2729 221 2798 ‘quarn
242 2724 367 2798 separati
394 2723 529 2782 babeant.
553 2724 668 2792 Omnia,
690 2723 724 2781 P.
746 2723 780 2781 O.
808 2742 881 2798 quse
902 2742 980 2782 nuno
1077 2753 1078 2804 j

111 2823 330 2880 ‘vetustissima
354 2825 518 2891 ereduntur,
543 2841 623 2906 nova
644 2822 731 2880 luere.
754 2823 851 2896 plebei
872 2823 981 2900 Magis·
1077 2903 1078 2906 Ἴ

113 2927 221 2980 ‘iratus
242 2928 306 2995 post
327 2922 481 2996 patricios:
503 2923 604 2980 Latini
618 2929 681 2996 post
697 2921 847 2995 plebeios:
869 2929 979 2982 celera·
1077 2963 1078 3000 3

111 3025 199 3078 ‘rum
220 3021 324 3078 ltaliae
350 3021 480 3096 gentium
507 3027 571 3095 post
592 3021 723 3080 Latinos.
778 3023 979 3103 inveterascet
1077 3019 1078 3088 3

112 3120 188 3177 ‘boo
201 3138 332 3195 quoque:
353 3123 477 3195 siquod
498 3121 586 3178 hodie
609 3103 753 3194 exemplis
768 3125 888 3186 tuemur,
902 3121 979 3182 iuter
1077 3115 1078 3142 ²

112 3221 269 3292 ‘exempla
280 3217 355 3276 erit’
395 3219 564 3278 Orationem
580 3219 723 3294 Principis
737 3224 839 3276 secuto
860 3217 976 3273 Petrum
989 3221 1031 3278 25

109 3307 253 3394 nonnullo,
275 3318 361 3391 primi
378 3319 473 3376 Aedui
497 3321 669 3376 Senatorum
682 3319 714 3375 in
729 3319 798 3374 urbe
823 3317 865 3371 ius
879 3313 978 3386 adepti

68 3483 70 3490 ¹
110 3423 187 3476 sunt.
209 3419 310 3475 datum
330 3417 359 3474 id
373 3417 482 3474 loederi
503 3417 630 3491 antiquo,
659 3421 688 3472 et
702 3414 769 3488 quia
796 3411 850 3467 soli
878 3411 978 3466 Gallo-

75 3505 80 3568 3
110 3533 174 3575 rum
188 3515 376 3574 fraternitatis
394 3533 500 3574 nomen
524 3531 591 3572 oum
605 3503 718 3584 Populo
745 3509 878 3568 Romano
900 3523 978 3564 usur-

53 3613 76 3753 'j
149 3631 222 3673 son.
242 3629 263 3671 1.
568 3606 646 3683 ,w
