2166 3834
82 181 153 258 rad
392 203 578 254 arnume
808 207 838 256 a
854 207 883 256 v.
900 211 959 258 arc.

78 367 110 424 ts
141 361 347 427 momatur.
373 359 448 420 adeo
485 365 517 418 ut
542 359 715 418 Procurator
741 357 845 426 Asiae,
865 357 957 420 Luci-

78 463 135 522 tiua
160 461 276 534 cupito,
299 463 456 518 accusante
483 459 646 533 provincia,
673 475 807 518 caursarn
834 459 955 530 dixerit,

78 577 183 638 magna
197 577 264 618 cunr
278 558 500 618 trimontium
515 557 671 632 Principis,
684 565 692 592 ‘
704 575 763 616 uon
778 577 810 616 se
823 559 877 627 ius,
892 561 954 620 nisi

78 661 130 720 ‘iu
143 660 264 720 servitia
278 664 309 716 et
323 657 462 731 pecunius
482 657 649 722 tamitiurea
672 659 805 716 dedisse:
825 660 902 734 quod
923 659 954 718 ri

78 761 162 823 ‘rins
176 757 505 830 Praetoriauaurpsrret,
519 756 708 832 manibusque
733 757 859 816 miiitum
882 776 952 817 naua

79 860 182 926 ‘toret
194 863 290 931 spreta
300 857 377 914 ineo
390 857 526 914 mandata
539 873 608 914 sua:
622 855 754 914 audirent
767 854 882 914 accior.’
903 858 953 916 ita

79 975 154 1024 rena,
167 957 287 1032 cognito
297 955 425 1030 negotio,
438 955 599 1014 damnatur.
639 955 686 1014 Ob
699 972 786 1030 quam
798 956 952 1026 ultionem,

79 1063 110 1116 et
124 1056 191 1132 quta
201 1056 293 1130 priore
302 1071 380 1112 anno
388 1054 419 1112 in
431 1053 466 1112 G.
484 1054 616 1112 Silanum
628 1054 810 1112 vindicatum
821 1060 893 1123 eret,
901 1056 955 1114 de·

79 1173 201 1216 crevere
219 1156 309 1214 Asiae
323 1157 407 1214 urbes
421 1156 580 1226 ‘temptum
595 1153 720 1212 Tiberio
731 1155 872 1230 matrique
886 1156 954 1215 eius

79 1262 134 1314 ‘ac
151 1253 291 1314 Senatui?
318 1254 370 1312 Et
384 1254 553 1327 permissum
567 1259 712 1312 statuere:
734 1253 852 1328 egitque
869 1256 954 1314 Nero

78 1359 175 1429 grates
188 1371 223 1409 ee
236 1369 339 1410 caussa
355 1351 488 1410 Patribus
501 1358 588 1425 atque
612 1368 680 1418 aro,
694 1354 785 1410 laetas
800 1352 878 1410 inter
899 1369 953 1411 au·

78 1452 221 1512 dieutiurn
234 1448 424 1516 adiectiones,
437 1450 495 1524 qui,
509 1449 622 1508 receuti
643 1450 782 1508 memoria
796 1450 954 1510 Germani·

78 1553 118 1618 ci,
131 1549 212 1608 itturn
226 1547 346 1619 adspici,
368 1548 451 1606 ittunr
475 1548 569 1606 audiri
592 1551 746 1606 rebantur:
771 1551 954 1625 aderantque

79 1648 181 1708 iuvent
194 1646 335 1706 modestia
348 1663 385 1704 ac
404 1647 505 1714 torma,
519 1647 651 1721 principe
671 1648 736 1706 viro
757 1648 858 1722 digna,
872 1649 954 1708 notis

29 1743 110 1808 idid
134 1765 200 1806 eum
229 1745 330 1804 Seiani
352 1745 437 1812 odiis,
463 1747 502 1804 ob
526 1746 686 1820 pericnturn
709 1747 845 1821 gratiora.
888 1749 953 1806 Sub

79 1848 300 1918 idemtcmpus.
323 1845 378 1902 ‘de
394 1843 529 1902 i'iaraiue
560 1845 650 1913 Diali,
673 1846 703 1904 in
729 1848 826 1904 iocum
851 1845 955 1906 Servii

79 1953 89 1982 ⁸
100 1946 313 2020 Maluginensis
326 1944 457 2004 defuncti
470 1945 602 2016 tegendo,
617 1945 703 2002 simut
728 1947 857 2018 roganda
870 1961 955 2004 nova

79 2047 175 2122 ‘teget
188 2045 321 2104 disseruit
337 2045 455 2106 caesar.
495 2044 541 2100 ‘N
545 2060 591 2100 am
606 2044 753 2118 patricios,
761 2043 955 2104 contumatia
1030 2114 1038 2128 1

80 2146 266 2223 'parentibus
292 2142 417 2220 genitor,
444 2147 502 2200 tres
526 2143 612 2208 simut
641 2142 796 2209 nominari,
818 2161 857 2200 ex
885 2143 954 2216 quia
1078 2135 1079 2138 '

80 2253 174 2306 ‘unus
201 2249 352 2320 tegeretur,
366 2247 497 2300 -vetuato
523 2258 621 2311 murac
656 2259 750 2316 neque
777 2242 890 2308 ederae,
917 2246 956 2302 ut
1078 2309 1079 2324 χ

80 2346 179 2413 ‘otius
192 2361 258 2402 earu
270 2341 396 2416 copiam,
408 2340 516 2398 omissa
529 2339 732 2398 confarreandi
746 2339 955 2410 adsuetudine

79 2424 238 2504 ‘ant‘inter
252 2457 358 2516 pancos
382 2444 504 2498 retenta.
526 2440 677 2512 pluresque
690 2438 755 2496 eius
765 2438 807 2496 rei
830 2455 954 2498 cauam

79 2543 262 2604 ‘adferebatr
278 2538 455 2614 potissimam
465 2555 555 2611 penes
568 2537 711 2594 incuriam
726 2536 853 2596 virorum
867 2538 954 2596 terni·
1078 2531 1079 2538 '

79 2647 271 2713 ‘uarumquer
303 2639 444 2696 accedere
466 2636 557 2709 ipsius
575 2635 778 2694 caeremoniae
798 2636 955 2696 difficulta-

80 2743 154 2803 ⁸tes‚
168 2755 247 2812 quae,
269 2734 600 2796 consultoritareutur:
623 2741 654 2792 et
674 2736 792 2809 qnando
814 2736 909 2794 exiret
934 2753 954 2796 a

79 2838 160 2896 ‘iure
170 2834 277 2909 petrin,
298 2834 391 2909 quiid
407 2834 585 2892 Flaminium
607 2833 795 2906 apisceretur,
819 2851 954 2910 quaeque

78 2937 129 2996 ‘in
156 2951 273 2996 manum
301 2931 459 3000 Flaminia,
473 2931 655 2994 conveniret.
701 2931 747 2990 lta
771 2934 951 2992 medendum

78 3037 225 3104 ‘Senatus
238 3033 366 3096 decreto.
379 3036 428 3088 aut
450 3032 533 3106 teger
546 3030 622 3088 sicut
638 3031 785 3104 Augustus
806 3032 951 3104 quaedem

78 3139 136 3190 ‘ax
150 3131 263 3191 horrida
276 3129 329 3186 itta
341 3127 515 3200 antiquitate
529 3130 566 3186 ad
581 3135 763 3200 praesentem
785 3146 868 3186 urum
881 3129 953 3188 dex·

78 3226 187 3286 ‘isset'
226 3226 319 3300 Igitur
342 3223 481 3308 tracuus
500 3224 697 3298 religionibus,
713 3226 866 3299 placitum,
886 3228 953 3288 ‘iu

77 3327 198 3382 ‘stituto
220 3321 386 3380 Flaminum
413 3318 486 3375 nihit
511 3320 675 3378 demutari!
715 3324 776 3380 Sed
800 3327 862 3382 tata
890 3328 951 3394 lex,

76 3436 133 3490 qua
157 3418 344 3476 ‘Flaminica
369 3413 475 3479 Dialis,
496 3433 642 3474 sacrorum
660 3436 773 3490 caussa
797 3422 829 3480 in
855 3431 951 3497 pote*

75 3514 155 3572 'tate
175 3517 241 3586 riri,
253 3519 353 3575 cetera
363 3510 528 3590 promiscuo
549 3513 724 3576 seminarun
746 3518 811 3580 iure
824 3520 949 3598 agaret.⁹
