2164 3846
70 175 144 244 202
421 194 607 246 nuusurvnr
799 197 830 245 s.
845 195 876 246 v.
893 200 953 247 ssa.

70 347 197 420 Luculli,
211 351 295 422 pulso
308 347 400 424 Rege.
442 350 485 408 Al
506 347 649 408 Fonteius
662 341 782 424 Capito,
804 351 855 426 qul
879 351 950 410 Pro

70 451 171 508 eonsul
194 449 298 510 Asiam
319 454 482 519 duroverni,
507 450 679 517 absolvitur,
702 457 864 524 comperto,
878 452 950 509 lietu

69 550 101 608 in
115 567 182 608 eum
195 549 320 608 erimine
333 568 385 624 per
404 549 526 608 Vibium
550 550 702 608 Serenum.
723 568 820 625 neque
847 556 948 608 lemen

69 649 99 707 id
116 651 228 710 Sereno
249 667 345 708 noxae
370 649 443 719 luit3
463 667 549 725 quem
562 649 662 708 odium
687 650 836 725 publicum
862 649 950 708 tutio·

69 768 131 808 rem
144 749 280 818 faciebat,
304 767 382 818 num,
405 755 437 808 ut
458 748 522 824 quis
536 748 696 807 districtior
718 755 882 818 accusator,
895 767 948 808 ve·

69 851 113 906 lut
133 854 335 908 sacrosanctus
357 853 437 908 erat:
458 851 552 915 leves,
574 841 729 924 ignobiles,
752 849 857 923 poenis
877 849 948 908 adli·

17 939 230 1008 3letebentur.
291 950 349 1008 Per
378 949 457 1007 idem
485 953 598 1024 tempus
632 949 777 1024 Hispania
813 949 946 1017 ulterior,

68 1050 165 1108 missis
180 1050 217 1108 nd
233 1050 375 1108 Senatum
388 1049 506 1123 legalis,
528 1049 634 1117 oravit,
655 1055 686 1106 ut
709 1047 832 1126 exemplo
857 1045 951 1106 Asiae

69 1147 215 1208 ubuum
243 1147 359 1207 Tiberio
385 1145 524 1224 matrique
550 1147 611 1206 eius
636 1154 796 1206 exstrueret.
825 1165 882 1223 qua
896 1165 948 1206 oo-

69 1249 189 1308 oasione
217 1251 336 1316 Caesar,
361 1248 476 1306 validus
499 1247 608 1323 alloqui
633 1245 805 1321 spernendis
831 1247 950 1306 honori-

69 1349 131 1414 bus,
158 1354 189 1405 et
217 1348 450 1422 respondendum
483 1353 561 1405 ratus
595 1346 641 1415 iis,
675 1363 796 1422 quorum
831 1365 948 1404 rumore

68 1448 250 1520 urguebatur,
262 1444 294 1502 in
313 1443 492 1506 oudilonem
510 1442 637 1524 flexisse,
657 1445 859 1504 huiuscemodi
882 1464 951 1504 oru-

69 1546 179 1604 lionem
199 1546 307 1619 eoepit.
349 1545 450 1615 ‘Seio
476 1546 510 1603 Ρ.
536 1546 571 1604 C.
594 1545 791 1604 constantiam
817 1563 914 1604 meam
930 1563 951 1604 a
999 1593 1005 1600 .

68 1645 229 1720 ‘plerisque
242 1644 447 1712 desideratum,
458 1646 534 1721 quod
551 1645 642 1704 Asine
656 1643 839 1712 civilatibus,
854 1663 952 1719 nuper

69 1744 165 1802 ‘idem
180 1745 256 1802 istud
272 1745 448 1818 petentibus,
463 1761 521 1804 nou
546 1743 603 1802 sim
616 1745 796 1802 adversatus.
818 1763 890 1820 ergo
915 1751 949 1803 et

69 1843 190 1918 ‘prioris
217 1843 329 1902 silentii
359 1844 570 1912 defensionem,
599 1849 629 1902 et
656 1843 725 1918 quid
753 1844 784 1902 in
819 1843 950 1904 loturum
984 1839 991 1854 ⁶

68 1945 248 2028 ‘statuerim
282 1944 366 2002 simul
401 1943 540 2018 aperiam.
607 1944 682 2002 Cum
717 1943 757 2000 D.
793 1945 949 2019 Augustus

68 2044 144 2102 ‘sibi
164 2050 250 2120 elque
280 2044 344 2102 urbi
367 2044 478 2102 Romae
506 2045 647 2116 templum
669 2043 746 2118 opud
770 2043 949 2119 Pergamum

69 2143 153 2202 ‘sisti
181 2163 240 2204 non
269 2143 482 2219 prohibuissem
501 2144 551 2218 qui
574 2143 674 2200 omnia
702 2142 780 2200 laete
807 2144 948 2218 dietaque

68 2246 152 2304 ‘eius
166 2244 233 2302 vine
248 2245 321 2318 legis
345 2245 508 2311 observem,
529 2244 669 2316 placitum
694 2243 752 2300 iam
775 2246 949 2316 exemplum

68 2337 246 2418 ‘promptius
269 2351 386 2402 secutus
408 2361 480 2411 sum,
505 2343 572 2418 quia
594 2342 686 2400 uultui
709 2360 775 2400 meo
791 2343 949 2402 veneratio

69 2445 216 2502 ‘Senatus
240 2443 460 2519 adiungebalur.
521 2444 670 2510 Ceterum,
694 2447 727 2500 ul
747 2445 839 2500 semel
866 2460 947 2500 reee-

68 2543 166 2618 ‘pisse
194 2544 311 2602 veniam
342 2543 484 2611 hebuerit,
511 2541 553 2600 ila
576 2561 626 2616 per
648 2559 750 2600 omnes
773 2542 946 2616 provincius

69 2641 184 2716 ‘effigie
213 2642 373 2700 Numiuum
401 2643 518 2720 saurnri,
546 2643 741 2709 ambitiosum,
768 2645 946 2716 superbum:

70 2747 120 2808 ‘et
147 2746 290 2799 vanescet
316 2744 443 2818 Augusti
468 2743 569 2810 honor,
592 2741 617 2799 si
646 2742 816 2815 promiscuis
843 2744 943 2800 adula-

17 2829 215 2898 38‘lioniuus
237 2842 379 2915 vulgatur.
422 2843 486 2916 Ego
505 2860 560 2912 me,
586 2842 618 2898 P.
635 2841 670 2900 C.
693 2844 844 2899 mortalem
868 2861 943 2911 esse,

22 2923 28 2976 ;
54 2945 119 3019 '‘et
140 2939 289 2998 homiuum
303 2941 399 2998 officia
412 2940 503 3016 iungi.
524 2941 651 3016 satisque
665 2942 782 3008 habere,
796 2943 822 3000 si
845 2945 946 3003 looum

54 3026 251 3113 “prinoipem
281 3041 429 3114 impleam,
457 3048 488 3098 et
518 3060 572 3098 vos
591 3047 689 3108 testor,
715 3047 747 3100 et
772 3041 941 3100 meminisse

68 3144 218 3212 ‘posteros
243 3141 320 3195 volo.
342 3141 391 3213 qui
415 3142 485 3197 satis
506 3158 648 3216 superque
673 3142 831 3198 memoriae
856 3160 940 3200 meae

99 3291 197 3340 Nnmut
214 3291 264 3351 puis
282 3291 412 3351 districtior]
445 3291 515 3338 Plune
531 3309 559 3340 er
574 3294 617 3340 illo
634 3296 771 3343 sallustiano
780 3297 881 3352 oraculo,
902 3297 941 3345 sub

68 3349 181 3407 Tyrannis
191 3353 241 3409 lug.
252 3353 288 3397 31.
319 3351 395 3403 Quum
404 3351 660 3412 quisquepesmmssees't
669 3361 717 3402 tam
726 3357 823 3401 mumma
832 3362 896 3403 tulus
906 3363 943 3404 esl.

67 3407 130 3512 grex.
184 3410 309 3458 Distrislus
326 3417 361 3458 est
387 3410 487 3470 acerbus,
506 3427 593 3473 saeuus,
611 3415 693 3475 pravis,
711 3421 737 3464 ut
755 3421 817 3464 reete
833 3416 937 3466 Freinslr.
