2166 3834
144 215 174 264 s.
192 215 274 262 oar
358 211 431 260 ure.
458 211 504 260 nv.
554 211 634 260 car.
661 189 831 260 26.-2tt.
948 191 1020 260 195

142 387 253 444 susque
276 385 295 426 e
319 366 520 436 Senatoribns,
547 368 597 444 qni
623 368 786 442 scipionem
810 370 960 438 eboreum,
980 373 1020 426 to·

142 487 216 544 gam
230 468 351 543 pictam,
364 468 485 543 antiqua
508 467 627 528 Petrum
649 487 779 536 munera,
800 470 893 536 daret,
906 467 1022 542 Reges-

143 586 199 647 quc
231 575 258 626 ct
290 565 397 626 sommo
429 574 511 645 alpes
544 566 666 626 miricam
698 570 868 643 adpellarel.
910 559 1070 624 nocemur

144 673 271 738 aestate,
293 673 371 726 mota
386 687 437 742 per
459 667 575 728 ltaliam
598 669 712 728 servilis
737 669 809 730 belli
831 667 945 726 semina
966 668 1022 726 lors

144 769 302 844 oppressit.
346 771 459 828 Auctor
480 772 618 828 tumultus
634 769 674 828 Τ.
701 769 856 836 Curtisiue,
877 768 1023 843 quondam

145 869 313 945 praetoriae
334 869 463 927 cohortis
485 870 580 938 milas,
604 868 696 943 prima
719 869 853 928 coetibus
867 867 1024 934 clandesti-

146 969 206 1037 nis,
221 969 297 1042 apud
321 969 509 1028 Brundisium
535 975 565 1026 et
589 969 779 1028 circumiecta
802 969 932 1042 oppletur
955 985 1024 1024 mox

146 1069 253 1143 positis
264 1061 413 1144 propalam
427 1070 546 1136 libellis,
561 1071 598 1127 ad
613 1069 778 1128 libertatem
794 1071 919 1126 vocabat
930 1085 1025 1141 agres-

148 1171 191 1228 tia
217 1188 268 1242 per
292 1170 465 1244 longinquos
488 1172 578 1228 saltos
600 1177 631 1228 et
645 1169 754 1227 ferocia
778 1169 918 1228 servitia:
948 1185 1024 1234 cum,

149 1272 235 1328 velut
260 1287 379 1328 munere
405 1271 511 1336 Deum,
526 1277 584 1328 tres
608 1269 732 1328 biremes
746 1271 884 1342 adpulere
898 1269 934 1326 ud
958 1285 1024 1326 usus

147 1369 377 1429 commeantium
397 1371 450 1428 illo
472 1370 552 1428 meri.
593 1369 634 1427 Et
656 1375 719 1427 erat
739 1370 844 1428 iisdem
857 1368 1024 1443 regionibus

148 1469 269 1530 (lortius
293 1445 393 1543 limus
416 1471 570 1543 Quaestor,
594 1468 643 1528 cui
665 1470 827 1542 provincia,
859 1480 960 1530 vetere
984 1485 1023 1526 ex

146 1587 239 1636 more,
267 1570 356 1628 Getes
380 1575 531 1628 evenerat.
573 1569 612 1636 ls,
639 1569 778 1643 disposita
810 1570 1023 1628 classiariorum

145 1670 243 1743 copia,
258 1673 444 1742 coeptantem
457 1685 526 1728 cum
547 1668 676 1726 maxime
700 1669 932 1728 coniurationem
955 1667 1023 1726 disi·

146 1770 218 1828 ecit.
262 1769 427 1843 Missusque
450 1787 468 1826 a
493 1770 621 1827 Caesare
645 1787 765 1843 propere
794 1770 901 1836 Staius,
917 1769 1038 1852 'fribu-¹

147 1887 213 1938 nus,
238 1887 307 1928 curn
334 1869 430 1926 valida
452 1887 548 1936 mauu,
563 1871 678 1928 Ducem
702 1870 850 1944 ipsomet
875 1869 1023 1944 proximos

148 1969 302 2037 audaciae,
324 1969 355 2027 in
370 1970 469 2026 urbem
488 1969 585 2036 traxit,
608 1969 666 2026 iam
681 1970 881 2044 trepidaru,ob
896 1968 1023 2032 multitu·

146 2069 248 2127 dinem
273 2067 455 2136 familiarum,
469 2086 543 2144 qnae
567 2069 710 2144 gliscebat
724 2069 897 2136 inmensum,
912 2070 1023 2128 uduore

146 2169 180 2228 in
195 2170 259 2226 dies
274 2170 359 2242 plebe
373 2169 508 2242 ingenua.

170 2289 171 2292 ¹
188 2269 300 2328 lisdem
312 2269 497 2336 Consulibus,
509 2267 689 2328 miseriarum
701 2285 737 2325 ac
758 2265 903 2324 saevitiae
923 2283 1023 2324 exent-
1035 2266 1075 2324 28

148 2370 229 2443 plum
250 2374 345 2436 atrox,
365 2385 430 2426 reus
450 2373 542 2443 poter,
562 2367 813 2434 accusatoribus,
828 2383 935 2426 nomen
956 2367 1024 2424 utri·

144 2487 201 2544 que
223 2469 330 2526 Vibius
352 2470 489 2538 Serenus,
510 2469 541 2528 in
565 2471 707 2526 Senatum
736 2468 850 2526 inducti
881 2473 959 2528 sunl.
985 2469 1023 2525 ab

150 2569 243 2626 exilio
270 2575 420 2640 retractos,
449 2569 618 2645 inluvieque
646 2587 682 2626 nc
709 2571 842 2644 squalore
862 2569 972 2628 obsitus
992 2575 1023 2628 et

149 2674 210 2727 tum
234 2675 342 2726 catena
364 2669 481 2727 vinctus
496 2675 587 2743 pater,
602 2675 704 2726 orante
718 2669 788 2727 tilio.
830 2669 1022 2746 Praeparetus

150 2770 321 2830 adolescens
342 2769 440 2828 multis
461 2769 621 2837 munditiis,
646 2770 736 2827 alacri
758 2775 849 2830 vulto.
878 2779 1021 2830 ‘structas

168 2870 303 2943 Principi
324 2872 455 2938 insidias,
476 2871 579 2928 missos
593 2871 624 2928 in
639 2847 770 2930 Gelliam
783 2875 948 2933 concitores
962 2876 1021 2932 bel·

149 2972 208 3042 ‘li,’
231 2974 324 3030 index
351 2971 430 3028 idem
455 2977 484 3029 et
510 2971 592 3029 testis
614 2972 750 3044 dicebat;
778 2976 1021 3050 adnectebatque,

148 3073 334 3134 ‘Caecilium
369 3071 541 3140 Cornutum,
577 3071 768 3143 Praetorium,
805 3075 1020 3134 ministravisse

148 3175 325 3250 ‘pecuniam
337 3171 354 3228 τ’
382 3170 431 3248 qni
454 3171 552 3230 taedio
567 3188 709 3239 curarum,
725 3177 765 3240 et,
779 3174 845 3248 qnia
860 3175 1020 3248 periculum

148 3294 198 3350 pro
218 3275 315 3334 exitio
335 3275 504 3338 habebatur,
525 3278 648 3330 mortem
668 3273 699 3334 iq
719 3289 751 3330 se
771 3272 933 3328 festinavit.
978 3275 1021 3330 At

146 3383 249 3434 contre
271 3392 347 3437 reus,
362 3371 435 3428 nihil
455 3371 581 3427 infracto
601 3369 709 3428 animo,
724 3369 864 3420 obversus
877 3363 908 3416 in
920 3364 1021 3426 lilium,

150 3478 271 3550 quatere
293 3471 425 3536 vincula,
443 3483 551 3523 vocare
572 3466 699 3519 ‘ultores
726 3459 819 3518 Deos,
838 3459 870 3506 ut
888 3453 944 3507 sibi
963 3455 1023 3524 qui·
