2134 3826
78 173 127 242 22
404 195 590 246 annaeum
803 196 946 248 suna

79 355 228 424 ‘corpora
252 353 386 410 tolerent.
417 371 456 412 ne
477 354 604 414 dimissis
629 353 746 430 quidem
770 355 858 414 tinem
882 371 946 412 esse

56 493 61 508 .
79 452 233 522 ‘militiae
252 456 302 512 sed
317 455 393 528 apud
415 455 557 514 vexillum
572 461 709 523 retentos,
729 455 789 514 alio
802 457 947 512 vocabulo

80 555 217 612 ‘eosdem
245 557 358 612 labores
378 555 519 629 perterre:
540 573 575 614 ac
589 556 614 613 si
636 555 699 630 quis
713 560 757 612 tot
778 571 862 612 casus
883 551 947 611 vttt

80 654 287 727 ‘superaverit,
301 654 376 712 trahi
397 655 492 713 adbuc
510 656 641 713 diversas
654 657 684 714 in
706 661 804 722 terras,
819 653 876 720 ubi,
896 669 949 726 per

80 755 205 810 ‘nomen
226 771 367 828 amorum,
381 753 504 829 uligines
521 757 657 828 paludum
672 757 720 812 vel
736 755 847 812 inculta
867 771 947 812 mou·

81 852 172 912 ‘tium
191 853 348 925 accipiant.
389 854 550 912 Enimvero
561 855 695 912 militiam
709 854 802 926 ipsam
816 867 948 925 gravem,

80 949 321 1010 ‘infructuosamt
342 952 426 1008 denis
440 951 563 1010 indiam
578 951 689 1008 assibus
703 951 830 1009 animem
843 955 873 1008 et
886 967 949 1008 cor·

81 1053 151 1124 ‘pus
181 1049 338 1108 aestimari.
369 1051 439 1108 hinc
465 1056 586 1116 vestem,
605 1067 694 1118 arma,
718 1051 851 1118 tentoria,
876 1049 948 1108 hinc

80 1149 254 1208 ‘caevitiam
268 1149 469 1208 centurionum
493 1159 523 1206 et
547 1149 718 1207 vacationes
732 1167 881 1208 munerum
905 1166 950 1207 re·

80 1248 178 1308 ‘dimi
200 1256 229 1308 at
244 1251 361 1308 hercule
377 1252 497 1307 verbera
512 1255 542 1307 et
556 1251 687 1336 vulnera,
700 1250 800 1306 duram
811 1249 949 1318 hiemem,

80 1347 246 1406 ‘exercitas
259 1354 394 1418 aestates,
403 1351 511 1406 bellurn
522 1353 615 1418 atrox,
628 1355 677 1406 aut
691 1348 820 1408 sterilem
835 1366 949 1423 pacem,

81 1448 283 1522 ‘sempiterna
305 1466 361 1506 nec
380 1449 459 1506 aliud
482 1450 688 1516 levamentum,
708 1465 793 1524 quam
813 1447 839 1506 si
859 1447 948 1506 certis

80 1547 151 1604 ‘sub
174 1547 286 1622 legibus
313 1547 418 1605 militie
442 1547 580 1606 iniretur:
601 1553 632 1605 ut
659 1547 787 1621 singulos
813 1545 949 1604 denarios
1044 1587 1045 1596 ,

80 1649 260 1716 ’ωοτειοιιίς
281 1646 512 1705 sextusdecimus
526 1646 664 1720 stipendii
678 1663 770 1704 annus
794 1646 882 1703 finem
900 1646 959 1730 ⁸⁶⁸.
1044 1661 1045 1674 ¹

80 1747 204 1817 ‘terret3
225 1764 263 1804 ne
282 1749 358 1804 ultra
378 1748 431 1804 sub
445 1747 565 1806 vexillis
579 1751 754 1814 tenerentur,
768 1746 818 1804 sed
843 1744 949 1804 iisdem

82 1845 130 1904 ‘in
144 1845 246 1904 castris
258 1845 420 1918 praemium
434 1843 561 1919 pecunid
573 1847 742 1904 solveretur.
764 1845 816 1903 An
837 1848 951 1917 praeto·

82 1944 155 2002 ‘rias
168 1944 315 2014 cohortes,
333 1962 407 2020 quae
421 1943 505 2002 binos
526 1941 660 2002 denarios
684 1941 861 2016 acciperent,
875 1959 950 2018 qnae

80 2049 165 2119 ‘post
178 2043 308 2103 sedecim
328 2060 421 2104 annos
445 2041 597 2118 penatibus
615 2041 675 2099 suis
698 2041 862 2110 reddantur,
884 2043 950 2115 ptus
1044 2099 1045 2102 ,

110 2199 299 2258 Apndoccillasm
314 2195 416 2260 numos]
447 2195 555 2250 Attendc,
566 2194 603 2257 qui
620 2194 736 2244 historiam
752 2195 875 2256 principum
885 2193 950 2254 legis.

81 2259 150 2322 Apud
164 2259 266 2322 antiquos
275 2259 369 2319 simplex
377 2262 401 2304 et
410 2271 454 2304 uua
469 2257 562 2302 honeste
571 2254 660 2302 minio:
676 2254 705 2301 ab
719 2253 811 2313 Augusti
822 2267 880 2302 aen
890 2256 952 2302 lecta

80 2319 111 2365 du
128 2319 176 2366 lex:
194 2317 355 2366 Exauctoratic
373 2321 397 2362 el
417 2315 507 2362 Missio.
539 2313 632 2361 Tacitus
649 2319 727 2360 auctor
742 2313 773 2360 sic
792 2313 951 2372 distinguendi,

79 2333 138 2424 tntis
148 2393 167 2424 c.
179 2381 214 2424 36.
246 2374 440 2424 Exauctorationis
456 2389 483 2420 ea
493 2373 534 2428 vis,
545 2380 569 2419 ut
579 2372 685 2434 (exempli
703 2373 790 2430 mussa)
800 2373 860 2430 legio
873 2373 952 2435 aliqua

81 2441 221 2483 sacramento
230 2437 362 2490 solveretur,
379 2433 446 2491 signis
453 2432 571 2494 aquilaque
588 2431 712 2492 ademptis:
731 2445 775 2478 non
785 2436 860 2478 tameo
875 2431 951 2478 dimit·

81 2499 168 2540 teretur
204 2498 301 2549 rotenus,
322 2493 361 2539 sed
381 2496 478 2538 seorsum
495 2491 518 2538 in
541 2489 640 2538 exercitu
658 2495 735 2548 ageret
752 2489 793 2536 sub
812 2503 857 2536 uno
874 2490 953 2552 aliquo

81 2552 171 2607 vexillo,
187 2509 258 2598 donec
276 2551 377 2612 praemia
390 2551 528 2597 solverentur
538 2557 561 2596 et
580 2549 635 2608 agri.
668 2550 757 2596 interea
773 2548 875 2598 immunis
894 2565 908 2594 a
919 2551 954 2596 la-

81 2609 144 2665 bore,
155 2609 261 2665 excubiis,
271 2609 353 2668 vigiliis
363 2615 387 2655 et
397 2623 489 2655 munere
498 2610 557 2656 omni
573 2607 680 2654 castrensi
687 2615 745 2654 esset
755 2628 759 2654 :
774 2615 867 2668 excepte
877 2623 953 2670 pugna

81 2669 105 2715 iu
123 2669 217 2714 tossen
259 2672 290 2715 At
309 2668 389 2728 plenae
405 2667 513 2716 missionis
534 2669 632 2722 effectus,
652 2673 677 2714 ut
696 2667 771 2713 stetini
796 2667 825 2713 ab
850 2668 953 2716 exercitu

81 2727 201 2789 castrisque
211 2727 300 2774 domum
311 2732 350 2772 aut
360 2727 383 2773 in
393 2727 491 2772 colonias
510 2727 569 2774 irent
583 2726 687 2788 praemiis
703 2725 807 2788 acceptis.
837 2725 882 2774 cui
892 2726 953 2774 Mne
1044 2775 1045 2778 ,

80 2788 124 2832 hoc
142 2785 284 2834 inventum?
306 2785 399 2846 inquies.
438 2785 501 2832 Bono
518 2786 568 2831 ttsci.
600 2785 654 2832 Vid.
679 2785 770 2832 Sueten.
799 2783 850 2832 Tib.
872 2801 892 2832 c.
913 2789 950 2834 til.

80 2845 183 2892 Praemia
193 2846 260 2898 euim,
270 2848 299 2890 de
315 2844 395 2906 quibus
404 2857 454 2890 mcx
470 2845 548 2898 dicam,
559 2844 652 2890 mortuis
668 2857 712 2891 non
722 2844 876 2891 debebantur:
893 2845 953 2893 sicut

79 2919 121 2950 nec
139 2917 188 2949 cnm
207 2917 286 2949 caussa
307 2904 386 2958 missis,
405 2911 458 2949 ante
477 2903 587 2964 stipendia
604 2903 723 2964 complete.
766 2903 821 2949 ldeo
844 2903 953 2963 Caligula

81 2961 201 3022 (Suetonio
210 2969 315 3008 canente
324 2977 344 3009 c.
355 2961 403 3020 ll.)
413 2961 439 3008 ia
453 2962 552 3008 exercitu
566 2963 695 3008 recensendo
712 2962 823 3022 plerisque
833 2962 954 3011 Centurio·

80 3033 138 3066 mum
147 3020 241 3066 motans
249 3020 303 3076 mm,
314 3025 334 3066 at
350 3020 468 3066 nonnullis
484 3025 535 3066 orate
547 3021 689 3076 madantum
698 3035 765 3080 pamm
775 3025 954 3071 wnmmnmton‘

80 3083 149 3124 essem
158 3077 212 3131 dies,
221 3079 303 3133 primo
310 3079 366 3136 pilos
374 3079 463 3134 ademit,
474 3083 585 3125 caussatus
594 3080 681 3126 scnium
690 3081 795 3140 cotesque
804 3085 825 3125 ct
833 3081 953 3129 tmtadtt-

81 3141 154 3182 tntcm.
185 3135 254 3196 Cepis
263 3151 317 3195 ergo
327 3151 391 3191 nunc,
401 3151 440 3182 cur
450 3137 485 3182 bic
494 3139 523 3183 de
532 3138 623 3183 tricenis
633 3139 822 3200 quadragenisque
831 3139 951 3200 stipendiis

82 3195 186 3255 qurereln:
202 3200 226 3239 et
235 3194 291 3241 intra
300 3198 382 3242 totiens
392 3195 476 3241 mentio
492 3195 623 3242 retentionis
633 3198 699 3258 ‚epod
710 3197 823 3254 vexillum,
833 3199 882 3246 ious
893 3201 952 3248 Paa-

83 3253 175 3299 nonicae
185 3257 208 3298 et
217 3253 364 3300 Germanicae
372 3253 493 3301 seditionis.
525 3253 587 3310 Lim.

117 3331 186 3379 Denis
200 3331 294 3377 indicos
302 3332 397 3394 meiius]
428 3331 533 3387 Gordius,
542 3338 568 3378 ut
586 3332 662 3379 multis
671 3333 749 3390 slsum,
760 3334 798 3380 hic
806 3335 892 3384 nodus:
910 3351 954 3386 nce

82 3397 232 3498 &tamaii
236 3391 369 3440 Alexander.
400 3391 463 3439 Solvi
479 3392 546 3449 enim,
556 3404 601 3438 coc
619 3391 710 3452 abrupi:
726 3393 954 3457 etExcorunostros

129 3465 152 3498 ro
184 3486 189 3497 .
229 3466 262 3510 ps.
