<?xml version="1.0" encoding="UTF-8"?>
<!DOCTYPE html PUBLIC "-//W3C//DTD XHTML 1.0 Transitional//EN"
    "http://www.w3.org/TR/xhtml1/DTD/xhtml1-transitional.dtd">
<html xmlns="http://www.w3.org/1999/xhtml" xml:lang="en" lang="en">
 <head>
  <title>
</title>
<meta http-equiv="Content-Type" content="text/html;charset=utf-8" />
  <meta name='ocr-system' content='tesseract 3.04.00' />
  <meta name='ocr-capabilities' content='ocr_page ocr_carea ocr_par ocr_line ocrx_word'/>
</head>
<body>
  <div class='ocr_page' id='page_1' title='image "./operaexrecensio01tacigoog_0311.png"; bbox 0 0 2164 3846; ppageno 0'>
   <div class='ocr_carea' id='block_1_1' title="bbox 88 205 1076 290">
    <p class='ocr_par' dir='ltr' id='par_1_1' title="bbox 88 205 1076 290">
     <span class='ocr_line' id='line_1_1' title="bbox 88 205 1076 290; baseline 0.005 -17"><span class='ocrx_word' id='word_1_1' title='bbox 88 205 164 276; x_wconf 82' lang='lat'><strong>270</strong></span> <span class='ocrx_word' id='word_1_2' title='bbox 313 217 317 226; x_wconf 89' lang='lat'>&#39;</span> <span class='ocrx_word' id='word_1_3' title='bbox 415 227 603 279; x_wconf 76' lang='lat' dir='ltr'><strong>suasuram</strong></span> <span class='ocrx_word' id='word_1_4' title='bbox 816 232 845 279; x_wconf 71' lang='lat' dir='ltr'><strong>u</strong></span> <span class='ocrx_word' id='word_1_5' title='bbox 863 229 968 278; x_wconf 72' lang='lat' dir='ltr'><strong>ures.</strong></span> <span class='ocrx_word' id='word_1_6' title='bbox 1075 219 1076 290; x_wconf 78' lang='lat' dir='ltr'><strong>t</strong></span> 
     </span>
    </p>
   </div>
   <div class='ocr_carea' id='block_1_2' title="bbox 36 379 1076 2028">
    <p class='ocr_par' dir='ltr' id='par_1_2' title="bbox 90 379 1076 468">
     <span class='ocr_line' id='line_1_2' title="bbox 90 379 1076 468; baseline 0.007 -29"><span class='ocrx_word' id='word_1_7' title='bbox 90 379 135 439; x_wconf 86' lang='lat' dir='ltr'><strong>uit.</strong></span> <span class='ocrx_word' id='word_1_8' title='bbox 185 382 224 440; x_wconf 75' lang='lat' dir='ltr'><strong>ut</strong></span> <span class='ocrx_word' id='word_1_9' title='bbox 246 381 281 442; x_wconf 77' lang='lat'><strong>0.</strong></span> <span class='ocrx_word' id='word_1_10' title='bbox 303 381 433 452; x_wconf 84' lang='lat' dir='ltr'><strong>Caesari,</strong></span> <span class='ocrx_word' id='word_1_11' title='bbox 454 385 527 442; x_wconf 83' lang='lat' dir='ltr'><strong>torte</strong></span> <span class='ocrx_word' id='word_1_12' title='bbox 559 387 623 440; x_wconf 91' lang='lat' dir='ltr'><strong>orto</strong></span> <span class='ocrx_word' id='word_1_13' title='bbox 654 399 799 452; x_wconf 89' lang='lat' dir='ltr'><strong>sermone,</strong></span> <span class='ocrx_word' id='word_1_14' title='bbox 832 387 874 443; x_wconf 79' lang='lat' dir='ltr'><strong>L.</strong></span> <span class='ocrx_word' id='word_1_15' title='bbox 897 387 964 445; x_wconf 89' lang='lat' dir='ltr'><strong>Sul·</strong></span> <span class='ocrx_word' id='word_1_16' title='bbox 1075 459 1076 468; x_wconf 9' lang='grc' dir='ltr'>χ</span> 
     </span>
    </p>

    <p class='ocr_par' dir='ltr' id='par_1_3' title="bbox 92 475 1076 548">
     <span class='ocr_line' id='line_1_3' title="bbox 92 479 962 548; baseline 0.002 -9"><span class='ocrx_word' id='word_1_17' title='bbox 92 485 150 539; x_wconf 88' lang='lat' dir='ltr'><strong>lam</strong></span> <span class='ocrx_word' id='word_1_18' title='bbox 170 481 318 548; x_wconf 74' lang='lat' dir='ltr'>inridenti,</span> <span class='ocrx_word' id='word_1_19' title='bbox 339 480 433 538; x_wconf 75' lang='lat' dir='ltr'><strong>arania</strong></span> <span class='ocrx_word' id='word_1_20' title='bbox 459 479 554 538; x_wconf 80' lang='lat' dir='ltr'><strong>Sellae</strong></span> <span class='ocrx_word' id='word_1_21' title='bbox 567 479 651 548; x_wconf 83' lang='lat' dir='ltr'><strong>sitio,</strong></span> <span class='ocrx_word' id='word_1_22' title='bbox 663 488 689 538; x_wconf 87' lang='lat' dir='ltr'><strong>et</strong></span> <span class='ocrx_word' id='word_1_23' title='bbox 702 479 815 539; x_wconf 74' lang='lat' dir='ltr'><strong>mallum</strong></span> <span class='ocrx_word' id='word_1_24' title='bbox 836 483 962 541; x_wconf 81' lang='lat' dir='ltr'><strong>eiusdem</strong></span> 
     </span>
    </p>

    <p class='ocr_par' dir='ltr' id='par_1_4' title="bbox 91 578 1076 654">
     <span class='ocr_line' id='line_1_4' title="bbox 91 578 1076 654; baseline 0.003 -17"><span class='ocrx_word' id='word_1_25' title='bbox 91 578 217 637; x_wconf 72' lang='lat' dir='ltr'><strong>virtudem</strong></span> <span class='ocrx_word' id='word_1_26' title='bbox 243 578 413 647; x_wconf 74' lang='lat' dir='ltr'><strong>babituram,</strong></span> <span class='ocrx_word' id='word_1_27' title='bbox 445 580 602 654; x_wconf 83' lang='lat' dir='ltr'><strong>praedixit.</strong></span> <span class='ocrx_word' id='word_1_28' title='bbox 633 579 718 638; x_wconf 89' lang='lat' dir='ltr'><strong>simul</strong></span> <span class='ocrx_word' id='word_1_29' title='bbox 753 583 865 640; x_wconf 84' lang='lat' dir='ltr'><strong>crebris</strong></span> <span class='ocrx_word' id='word_1_30' title='bbox 894 600 963 640; x_wconf 85' lang='lat' dir='ltr'><strong>cam</strong></span> <span class='ocrx_word' id='word_1_31' title='bbox 1075 583 1076 594; x_wconf 50' lang='lat'><strong>³</strong></span> 
     </span>
    </p>

    <p class='ocr_par' dir='ltr' id='par_1_5' title="bbox 91 678 1076 754">
     <span class='ocr_line' id='line_1_5' title="bbox 91 678 1076 754; baseline 0.002 -18"><span class='ocrx_word' id='word_1_32' title='bbox 91 678 218 736; x_wconf 73' lang='lat' dir='ltr'><strong>lacrimis</strong></span> <span class='ocrx_word' id='word_1_33' title='bbox 248 679 388 736; x_wconf 81' lang='lat' dir='ltr'><strong>minorem</strong></span> <span class='ocrx_word' id='word_1_34' title='bbox 415 696 454 735; x_wconf 85' lang='lat' dir='ltr'><strong>ex</strong></span> <span class='ocrx_word' id='word_1_35' title='bbox 485 681 640 751; x_wconf 86' lang='lat' dir='ltr'><strong>nepotibus</strong></span> <span class='ocrx_word' id='word_1_36' title='bbox 655 682 856 753; x_wconf 81' lang='lat' dir='ltr'><strong>.oomplexus,</strong></span> <span class='ocrx_word' id='word_1_37' title='bbox 889 681 964 738; x_wconf 88' lang='lat' dir='ltr'><strong>truci</strong></span> <span class='ocrx_word' id='word_1_38' title='bbox 1075 751 1076 754; x_wconf 7' lang='grc' dir='ltr'><strong>Ἴ</strong></span> 
     </span>
    </p>

    <p class='ocr_par' dir='ltr' id='par_1_6' title="bbox 90 774 1076 854">
     <span class='ocr_line' id='line_1_6' title="bbox 90 774 1076 854; baseline 0.003 -20"><span class='ocrx_word' id='word_1_39' title='bbox 90 777 208 835; x_wconf 88' lang='lat' dir='ltr'><strong>atterius</strong></span> <span class='ocrx_word' id='word_1_40' title='bbox 243 779 353 834; x_wconf 87' lang='lat' dir='ltr'><strong>vultu:</strong></span> <span class='ocrx_word' id='word_1_41' title='bbox 393 774 510 834; x_wconf 73' lang='lat' dir='ltr'><strong>Oenides</strong></span> <span class='ocrx_word' id='word_1_42' title='bbox 543 775 618 834; x_wconf 76' lang='lat' dir='ltr'><strong>bunc</strong></span> <span class='ocrx_word' id='word_1_43' title='bbox 653 783 698 845; x_wconf 73' lang='lat' dir='ltr'><strong>to,</strong></span> <span class='ocrx_word' id='word_1_44' title='bbox 734 779 841 854; x_wconf 88' lang='lat' dir='ltr'><strong>inquit,</strong></span> <span class='ocrx_word' id='word_1_45' title='bbox 876 785 903 836; x_wconf 84' lang='lat' dir='ltr'><strong>rt</strong></span> <span class='ocrx_word' id='word_1_46' title='bbox 935 785 962 836; x_wconf 84' lang='lat' dir='ltr'><strong>tr</strong></span> <span class='ocrx_word' id='word_1_47' title='bbox 1075 781 1076 788; x_wconf 76' lang='grc'>’</span> 
     </span>
    </p>

    <p class='ocr_par' dir='ltr' id='par_1_7' title="bbox 90 873 964 950">
     <span class='ocr_line' id='line_1_7' title="bbox 90 873 964 950; baseline 0.003 -18"><span class='ocrx_word' id='word_1_48' title='bbox 90 873 173 932; x_wconf 66' lang='lat' dir='ltr'><strong>alam.</strong></span> <span class='ocrx_word' id='word_1_49' title='bbox 216 877 275 933; x_wconf 84' lang='lat' dir='ltr'><strong>Sed</strong></span> <span class='ocrx_word' id='word_1_50' title='bbox 296 879 488 950; x_wconf 72' lang='lat' dir='ltr'><strong>gravescente</strong></span> <span class='ocrx_word' id='word_1_51' title='bbox 510 875 691 942; x_wconf 84' lang='lat' dir='ltr'><strong>valetudine,</strong></span> <span class='ocrx_word' id='word_1_52' title='bbox 711 877 785 935; x_wconf 88' lang='lat' dir='ltr'><strong>nihil</strong></span> <span class='ocrx_word' id='word_1_53' title='bbox 800 896 818 934; x_wconf 90' lang='lat' dir='ltr'><strong>e</strong></span> <span class='ocrx_word' id='word_1_54' title='bbox 832 877 964 936; x_wconf 88' lang='lat' dir='ltr'><strong>libidini·</strong></span> 
     </span>
    </p>

    <p class='ocr_par' dir='ltr' id='par_1_8' title="bbox 91 973 964 1046">
     <span class='ocr_line' id='line_1_8' title="bbox 91 973 964 1046; baseline 0.003 -15"><span class='ocrx_word' id='word_1_55' title='bbox 91 975 143 1032; x_wconf 89' lang='lat' dir='ltr'><strong>bus</strong></span> <span class='ocrx_word' id='word_1_56' title='bbox 163 974 325 1042; x_wconf 82' lang='lat' dir='ltr'><strong>omittebat,</strong></span> <span class='ocrx_word' id='word_1_57' title='bbox 344 973 375 1030; x_wconf 89' lang='lat' dir='ltr'><strong>in</strong></span> <span class='ocrx_word' id='word_1_58' title='bbox 400 973 542 1044; x_wconf 85' lang='lat' dir='ltr'><strong>patientie</strong></span> <span class='ocrx_word' id='word_1_59' title='bbox 569 975 780 1032; x_wconf 84' lang='lat' dir='ltr'><strong>firmitudinem</strong></span> <span class='ocrx_word' id='word_1_60' title='bbox 803 976 964 1046; x_wconf 65' lang='lat' dir='ltr'><strong>aimoinum</strong></span> 
     </span>
    </p>

    <p class='ocr_par' dir='ltr' id='par_1_9' title="bbox 90 1073 962 1150">
     <span class='ocr_line' id='line_1_9' title="bbox 90 1073 962 1150; baseline 0.005 -22"><span class='ocrx_word' id='word_1_61' title='bbox 90 1073 246 1148; x_wconf 83' lang='lat' dir='ltr'><strong>solitusque</strong></span> <span class='ocrx_word' id='word_1_62' title='bbox 267 1074 383 1130; x_wconf 90' lang='lat' dir='ltr'><strong>eludere</strong></span> <span class='ocrx_word' id='word_1_63' title='bbox 408 1073 586 1130; x_wconf 74' lang='lat' dir='ltr'><strong>mediocrum</strong></span> <span class='ocrx_word' id='word_1_64' title='bbox 611 1081 697 1143; x_wconf 87' lang='lat' dir='ltr'><strong>artes,</strong></span> <span class='ocrx_word' id='word_1_65' title='bbox 711 1080 798 1148; x_wconf 86' lang='lat' dir='ltr'><strong>atque</strong></span> <span class='ocrx_word' id='word_1_66' title='bbox 819 1091 881 1141; x_wconf 82' lang='lat' dir='ltr'><strong>eos,</strong></span> <span class='ocrx_word' id='word_1_67' title='bbox 903 1075 962 1150; x_wconf 88' lang='lat' dir='ltr'><strong>qui,</strong></span> 
     </span>
    </p>

    <p class='ocr_par' dir='ltr' id='par_1_10' title="bbox 90 1171 1076 1244">
     <span class='ocr_line' id='line_1_10' title="bbox 90 1171 1076 1244; baseline 0.007 -18"><span class='ocrx_word' id='word_1_68' title='bbox 90 1179 154 1244; x_wconf 88' lang='lat' dir='ltr'><strong>post</strong></span> <span class='ocrx_word' id='word_1_69' title='bbox 169 1173 346 1230; x_wconf 89' lang='lat' dir='ltr'><strong>tricesimum</strong></span> <span class='ocrx_word' id='word_1_70' title='bbox 360 1171 465 1228; x_wconf 85' lang='lat' dir='ltr'><strong>aetatis</strong></span> <span class='ocrx_word' id='word_1_71' title='bbox 479 1189 596 1238; x_wconf 86' lang='lat' dir='ltr'><strong>annum,</strong></span> <span class='ocrx_word' id='word_1_72' title='bbox 612 1174 649 1229; x_wconf 84' lang='lat' dir='ltr'><strong>ad</strong></span> <span class='ocrx_word' id='word_1_73' title='bbox 661 1172 888 1230; x_wconf 73' lang='lat' dir='ltr'><strong>internoscenda</strong></span> <span class='ocrx_word' id='word_1_74' title='bbox 901 1192 964 1238; x_wconf 86' lang='lat' dir='ltr'><strong>cor.</strong></span> <span class='ocrx_word' id='word_1_75' title='bbox 1075 1219 1076 1224; x_wconf 19' lang='grc' dir='ltr'>η</span> 
     </span>
    </p>

    <p class='ocr_par' dir='ltr' id='par_1_11' title="bbox 36 1265 1076 1441">
     <span class='ocr_line' id='line_1_11' title="bbox 90 1265 1076 1346; baseline 0.003 -17"><span class='ocrx_word' id='word_1_76' title='bbox 90 1273 151 1345; x_wconf 91' lang='lat' dir='ltr'><strong>pori</strong></span> <span class='ocrx_word' id='word_1_77' title='bbox 170 1271 328 1336; x_wconf 81' lang='lat' dir='ltr'><strong>montilio,</strong></span> <span class='ocrx_word' id='word_1_78' title='bbox 345 1273 392 1328; x_wconf 84' lang='lat' dir='ltr'><strong>vel</strong></span> <span class='ocrx_word' id='word_1_79' title='bbox 418 1271 517 1338; x_wconf 82' lang='lat' dir='ltr'><strong>noxia,</strong></span> <span class='ocrx_word' id='word_1_80' title='bbox 532 1271 623 1328; x_wconf 89' lang='lat' dir='ltr'><strong>alieni</strong></span> <span class='ocrx_word' id='word_1_81' title='bbox 643 1272 760 1328; x_wconf 90' lang='lat' dir='ltr'><strong>consilii</strong></span> <span class='ocrx_word' id='word_1_82' title='bbox 782 1271 959 1346; x_wconf 78' lang='lat' dir='ltr'><strong>indigerent.</strong></span> <span class='ocrx_word' id='word_1_83' title='bbox 1075 1265 1076 1276; x_wconf 44' lang='lat'>¹</span> 
     </span>
     <span class='ocr_line' id='line_1_12' title="bbox 36 1369 962 1441; baseline -0.002 -11"><span class='ocrx_word' id='word_1_84' title='bbox 36 1371 77 1433; x_wconf 80' lang='grc'><strong>47</strong></span> <span class='ocrx_word' id='word_1_85' title='bbox 92 1371 211 1428; x_wconf 84' lang='lat' dir='ltr'><strong>Interim</strong></span> <span class='ocrx_word' id='word_1_86' title='bbox 231 1372 342 1428; x_wconf 85' lang='lat' dir='ltr'><strong>Rornae</strong></span> <span class='ocrx_word' id='word_1_87' title='bbox 364 1369 466 1426; x_wconf 83' lang='lat' dir='ltr'><strong>tuturis</strong></span> <span class='ocrx_word' id='word_1_88' title='bbox 489 1371 578 1426; x_wconf 87' lang='lat' dir='ltr'><strong>etism</strong></span> <span class='ocrx_word' id='word_1_89' title='bbox 604 1374 669 1441; x_wconf 72' lang='lat' dir='ltr'><strong>pom</strong></span> <span class='ocrx_word' id='word_1_90' title='bbox 691 1371 847 1427; x_wconf 78' lang='lat' dir='ltr'><strong>&#39;l&#39;iberium</strong></span> <span class='ocrx_word' id='word_1_91' title='bbox 865 1371 962 1428; x_wconf 75' lang='lat' dir='ltr'><strong>caedi</strong></span> 
     </span>
    </p>

    <p class='ocr_par' dir='ltr' id='par_1_12' title="bbox 90 1468 963 1542">
     <span class='ocr_line' id='line_1_13' title="bbox 90 1468 963 1542; baseline 0.001 -16"><span class='ocrx_word' id='word_1_92' title='bbox 90 1472 141 1526; x_wconf 90' lang='lat' dir='ltr'><strong>bus</strong></span> <span class='ocrx_word' id='word_1_93' title='bbox 164 1471 277 1527; x_wconf 82' lang='lat' dir='ltr'><strong>semina</strong></span> <span class='ocrx_word' id='word_1_94' title='bbox 303 1468 493 1526; x_wconf 83' lang='lat' dir='ltr'><strong>iaciebantur.</strong></span> <span class='ocrx_word' id='word_1_95' title='bbox 534 1469 655 1526; x_wconf 85' lang='lat' dir='ltr'><strong>Laelius</strong></span> <span class='ocrx_word' id='word_1_96' title='bbox 679 1469 790 1526; x_wconf 90' lang='lat' dir='ltr'><strong>Balbus</strong></span> <span class='ocrx_word' id='word_1_97' title='bbox 811 1471 963 1542; x_wconf 73' lang='lat' dir='ltr'><strong>dentiam,</strong></span> 
     </span>
    </p>

    <p class='ocr_par' dir='ltr' id='par_1_13' title="bbox 89 1567 1076 1650">
     <span class='ocr_line' id='line_1_14' title="bbox 89 1567 1076 1650; baseline 0 -25"><span class='ocrx_word' id='word_1_98' title='bbox 89 1570 121 1626; x_wconf 92' lang='lat' dir='ltr'><strong>P.</strong></span> <span class='ocrx_word' id='word_1_99' title='bbox 132 1568 249 1624; x_wconf 89' lang='lat' dir='ltr'><strong>Vitellii</strong></span> <span class='ocrx_word' id='word_1_100' title='bbox 263 1568 407 1641; x_wconf 83' lang='lat' dir='ltr'><strong>quondam</strong></span> <span class='ocrx_word' id='word_1_101' title='bbox 422 1583 553 1632; x_wconf 87' lang='lat' dir='ltr'><strong>uxorem,</strong></span> <span class='ocrx_word' id='word_1_102' title='bbox 568 1567 728 1624; x_wconf 82' lang='lat' dir='ltr'><strong>maiestatis</strong></span> <span class='ocrx_word' id='word_1_103' title='bbox 742 1571 962 1640; x_wconf 67' lang='lat' dir='ltr'><strong>postulaverat:</strong></span> <span class='ocrx_word' id='word_1_104' title='bbox 1075 1637 1076 1650; x_wconf 12' lang='grc' dir='ltr'>χ</span> 
     </span>
    </p>

    <p class='ocr_par' dir='ltr' id='par_1_14' title="bbox 89 1665 1076 1746">
     <span class='ocr_line' id='line_1_15' title="bbox 89 1665 961 1744; baseline -0.001 -18"><span class='ocrx_word' id='word_1_105' title='bbox 89 1685 143 1744; x_wconf 81' lang='lat' dir='ltr'><strong>qua</strong></span> <span class='ocrx_word' id='word_1_106' title='bbox 161 1667 308 1733; x_wconf 87' lang='lat' dir='ltr'><strong>damnata,</strong></span> <span class='ocrx_word' id='word_1_107' title='bbox 332 1681 404 1722; x_wconf 87' lang='lat' dir='ltr'><strong>cum</strong></span> <span class='ocrx_word' id='word_1_108' title='bbox 425 1665 584 1738; x_wconf 88' lang='lat' dir='ltr'><strong>praemium</strong></span> <span class='ocrx_word' id='word_1_109' title='bbox 607 1665 770 1723; x_wconf 86' lang='lat' dir='ltr'><strong>accusatori</strong></span> <span class='ocrx_word' id='word_1_110' title='bbox 790 1667 961 1725; x_wconf 81' lang='lat' dir='ltr'><strong>decernere-</strong></span> 
     </span>
    </p>

    <p class='ocr_par' dir='ltr' id='par_1_15' title="bbox 89 1749 1076 1836">
     <span class='ocr_line' id='line_1_16' title="bbox 89 1749 1076 1836; baseline 0 -12"><span class='ocrx_word' id='word_1_111' title='bbox 89 1773 142 1834; x_wconf 89' lang='lat' dir='ltr'><strong>tur,</strong></span> <span class='ocrx_word' id='word_1_112' title='bbox 164 1764 266 1823; x_wconf 86' lang='lat' dir='ltr'><strong>lunius</strong></span> <span class='ocrx_word' id='word_1_113' title='bbox 291 1764 379 1832; x_wconf 81' lang='lat' dir='ltr'><strong>otha,</strong></span> <span class='ocrx_word' id='word_1_114' title='bbox 402 1764 554 1822; x_wconf 72' lang='lat' dir='ltr'><strong>Tribunus</strong></span> <span class='ocrx_word' id='word_1_115' title='bbox 575 1764 680 1836; x_wconf 87' lang='lat' dir='ltr'><strong>plebel,</strong></span> <span class='ocrx_word' id='word_1_116' title='bbox 709 1765 888 1822; x_wconf 72' lang='lat' dir='ltr'><strong>intercessit.</strong></span> <span class='ocrx_word' id='word_1_117' title='bbox 911 1783 962 1824; x_wconf 88' lang='lat' dir='ltr'><strong>un.-</strong></span> <span class='ocrx_word' id='word_1_118' title='bbox 1075 1749 1076 1762; x_wconf 36' lang='lat'>¹</span> 
     </span>
    </p>

    <p class='ocr_par' dir='ltr' id='par_1_16' title="bbox 87 1862 1076 1938">
     <span class='ocr_line' id='line_1_17' title="bbox 87 1862 1076 1938; baseline -0.002 -14"><span class='ocrx_word' id='word_1_119' title='bbox 87 1867 124 1924; x_wconf 77' lang='lat' dir='ltr'><strong>sle</strong></span> <span class='ocrx_word' id='word_1_120' title='bbox 144 1864 203 1922; x_wconf 88' lang='lat' dir='ltr'><strong>iilia</strong></span> <span class='ocrx_word' id='word_1_121' title='bbox 228 1862 304 1931; x_wconf 85' lang='lat' dir='ltr'><strong>odia,</strong></span> <span class='ocrx_word' id='word_1_122' title='bbox 331 1879 400 1921; x_wconf 84' lang='lat' dir='ltr'><strong>mos</strong></span> <span class='ocrx_word' id='word_1_123' title='bbox 429 1863 540 1921; x_wconf 84' lang='lat' dir='ltr'><strong>Othoni</strong></span> <span class='ocrx_word' id='word_1_124' title='bbox 564 1863 711 1920; x_wconf 80' lang='lat' dir='ltr'><strong>exsilium.</strong></span> <span class='ocrx_word' id='word_1_125' title='bbox 753 1863 831 1920; x_wconf 86' lang='lat' dir='ltr'><strong>Dein</strong></span> <span class='ocrx_word' id='word_1_126' title='bbox 858 1865 961 1922; x_wconf 89' lang='lat' dir='ltr'><strong>multo-</strong></span> <span class='ocrx_word' id='word_1_127' title='bbox 1075 1887 1076 1938; x_wconf 60' lang='lat'><strong>,</strong></span> 
     </span>
    </p>

    <p class='ocr_par' dir='ltr' id='par_1_17' title="bbox 87 1941 1076 2052">
     <span class='ocr_line' id='line_1_18' title="bbox 87 1961 961 2028; baseline 0 -8"><span class='ocrx_word' id='word_1_128' title='bbox 87 1981 149 2022; x_wconf 87' lang='lat' dir='ltr'><strong>rum</strong></span> <span class='ocrx_word' id='word_1_129' title='bbox 177 1962 320 2020; x_wconf 80' lang='lat' dir='ltr'><strong>sororibus</strong></span> <span class='ocrx_word' id='word_1_130' title='bbox 344 1961 453 2018; x_wconf 77' lang='lat' dir='ltr'><strong>famosa</strong></span> <span class='ocrx_word' id='word_1_131' title='bbox 480 1961 641 2028; x_wconf 81' lang='lat' dir='ltr'><strong>Albucilla,</strong></span> <span class='ocrx_word' id='word_1_132' title='bbox 668 1961 716 2020; x_wconf 92' lang='lat' dir='ltr'><strong>cui</strong></span> <span class='ocrx_word' id='word_1_133' title='bbox 743 1961 961 2020; x_wconf 80' lang='lat' dir='ltr'><strong>matrimonium</strong></span> 
     </span>
    </p>
   </div>
   <div class='ocr_carea' id='block_1_3' title="bbox 36 2157 1076 3510">
    <p class='ocr_par' dir='ltr' id='par_1_18' title="bbox 36 2157 1076 3510">
     <span class='ocr_line' id='line_1_19' title="bbox 89 2157 961 2233; baseline -0.006 -12"><span class='ocrx_word' id='word_1_134' title='bbox 89 2163 214 2220; x_wconf 79' lang='lat' dir='ltr'><strong>defertur</strong></span> <span class='ocrx_word' id='word_1_135' title='bbox 233 2159 387 2233; x_wconf 86' lang='lat' dir='ltr'><strong>inpietatis</strong></span> <span class='ocrx_word' id='word_1_136' title='bbox 404 2157 435 2215; x_wconf 90' lang='lat' dir='ltr'><strong>in</strong></span> <span class='ocrx_word' id='word_1_137' title='bbox 457 2157 633 2232; x_wconf 82' lang='lat' dir='ltr'><strong>Principem,</strong></span> <span class='ocrx_word' id='word_1_138' title='bbox 653 2164 683 2215; x_wconf 89' lang='lat' dir='ltr'><strong>et</strong></span> <span class='ocrx_word' id='word_1_139' title='bbox 697 2159 961 2227; x_wconf 78' lang='lat' dir='ltr'><strong>connectebantur,</strong></span> 
     </span>
     <span class='ocr_line' id='line_1_20' title="bbox 90 2255 963 2324; baseline -0.006 -3"><span class='ocrx_word' id='word_1_140' title='bbox 90 2267 121 2320; x_wconf 88' lang='lat' dir='ltr'><strong>ut</strong></span> <span class='ocrx_word' id='word_1_141' title='bbox 144 2259 259 2319; x_wconf 88' lang='lat' dir='ltr'><strong>conscii</strong></span> <span class='ocrx_word' id='word_1_142' title='bbox 283 2264 313 2316; x_wconf 89' lang='lat' dir='ltr'><strong>et</strong></span> <span class='ocrx_word' id='word_1_143' title='bbox 339 2255 462 2315; x_wconf 76' lang='lat' dir='ltr'><strong>adulteri</strong></span> <span class='ocrx_word' id='word_1_144' title='bbox 489 2256 561 2323; x_wconf 86' lang='lat' dir='ltr'><strong>eius,</strong></span> <span class='ocrx_word' id='word_1_145' title='bbox 590 2257 649 2314; x_wconf 77' lang='lat' dir='ltr'><strong>(ln.</strong></span> <span class='ocrx_word' id='word_1_146' title='bbox 668 2256 833 2324; x_wconf 80' lang='lat' dir='ltr'><strong>Domitius,</strong></span> <span class='ocrx_word' id='word_1_147' title='bbox 851 2258 963 2316; x_wconf 83' lang='lat' dir='ltr'><strong>Vibius</strong></span> 
     </span>
     <span class='ocr_line' id='line_1_21' title="bbox 91 2354 966 2431; baseline -0.006 -11"><span class='ocrx_word' id='word_1_148' title='bbox 91 2361 215 2428; x_wconf 83' lang='lat' dir='ltr'><strong>blarsus,</strong></span> <span class='ocrx_word' id='word_1_149' title='bbox 229 2361 264 2418; x_wconf 81' lang='lat' dir='ltr'><strong>L.</strong></span> <span class='ocrx_word' id='word_1_150' title='bbox 277 2357 442 2417; x_wconf 72' lang='lat' dir='ltr'><strong>Amantius·</strong></span> <span class='ocrx_word' id='word_1_151' title='bbox 479 2355 528 2414; x_wconf 90' lang='lat' dir='ltr'><strong>De</strong></span> <span class='ocrx_word' id='word_1_152' title='bbox 543 2354 718 2413; x_wconf 79' lang='lat' dir='ltr'><strong>claritudine</strong></span> <span class='ocrx_word' id='word_1_153' title='bbox 733 2355 859 2413; x_wconf 86' lang='lat' dir='ltr'><strong>Domitii</strong></span> <span class='ocrx_word' id='word_1_154' title='bbox 872 2372 966 2431; x_wconf 86' lang='lat' dir='ltr'><strong>supra.</strong></span> 
     </span>
     <span class='ocr_line' id='line_1_22' title="bbox 89 2453 964 2529; baseline -0.007 -11"><span class='ocrx_word' id='word_1_155' title='bbox 89 2459 258 2518; x_wconf 86' lang='lat' dir='ltr'><strong>memoravi.</strong></span> <span class='ocrx_word' id='word_1_156' title='bbox 300 2457 412 2514; x_wconf 86' lang='lat' dir='ltr'><strong>Marsus</strong></span> <span class='ocrx_word' id='word_1_157' title='bbox 427 2471 539 2529; x_wconf 84' lang='lat' dir='ltr'><strong>quoque</strong></span> <span class='ocrx_word' id='word_1_158' title='bbox 552 2453 676 2512; x_wconf 89' lang='lat' dir='ltr'><strong>vetustis</strong></span> <span class='ocrx_word' id='word_1_159' title='bbox 697 2455 855 2512; x_wconf 85' lang='lat' dir='ltr'><strong>honoribus</strong></span> <span class='ocrx_word' id='word_1_160' title='bbox 870 2459 902 2512; x_wconf 85' lang='lat' dir='ltr'><strong>et</strong></span> <span class='ocrx_word' id='word_1_161' title='bbox 916 2455 964 2514; x_wconf 52' lang='lat' dir='ltr'><strong>ine</strong></span> 
     </span>
     <span class='ocr_line' id='line_1_23' title="bbox 91 2552 962 2626; baseline -0.009 -12"><span class='ocrx_word' id='word_1_162' title='bbox 91 2559 186 2615; x_wconf 91' lang='lat' dir='ltr'><strong>lustris</strong></span> <span class='ocrx_word' id='word_1_163' title='bbox 196 2555 297 2614; x_wconf 88' lang='lat' dir='ltr'><strong>studiis</strong></span> <span class='ocrx_word' id='word_1_164' title='bbox 311 2559 382 2613; x_wconf 85' lang='lat' dir='ltr'><strong>erat.</strong></span> <span class='ocrx_word' id='word_1_165' title='bbox 426 2555 491 2611; x_wconf 86' lang='lat' dir='ltr'><strong>Sed.</strong></span> <span class='ocrx_word' id='word_1_166' title='bbox 503 2553 640 2611; x_wconf 70' lang='lat' dir='ltr'><strong>*testium</strong></span> <span class='ocrx_word' id='word_1_167' title='bbox 654 2552 889 2626; x_wconf 81' lang='lat' dir='ltr'><strong>interrogationi,</strong></span> <span class='ocrx_word' id='word_1_168' title='bbox 905 2561 962 2611; x_wconf 58' lang='lat' dir='ltr'><strong>tor»</strong></span> 
     </span>
     <span class='ocr_line' id='line_1_24' title="bbox 90 2650 960 2725; baseline -0.009 -9"><span class='ocrx_word' id='word_1_169' title='bbox 90 2659 212 2716; x_wconf 88' lang='lat' dir='ltr'><strong>‘mentis</strong></span> <span class='ocrx_word' id='word_1_170' title='bbox 226 2673 385 2723; x_wconf 87' lang='lat' dir='ltr'><strong>servorum,</strong></span> <span class='ocrx_word' id='word_1_171' title='bbox 406 2653 582 2710; x_wconf 86' lang='lat' dir='ltr'><strong>Macronem·</strong></span> <span class='ocrx_word' id='word_1_172' title='bbox 598 2650 796 2725; x_wconf 87' lang='lat' dir='ltr'><strong>praesedisse,’</strong></span> <span class='ocrx_word' id='word_1_173' title='bbox 809 2669 960 2711; x_wconf 57' lang='lat' dir='ltr'><strong>commen,</strong></span> 
     </span>
     <span class='ocr_line' id='line_1_25' title="bbox 89 2751 967 2825; baseline -0.007 -11"><span class='ocrx_word' id='word_1_174' title='bbox 89 2758 156 2814; x_wconf 86' lang='lat' dir='ltr'><strong>terii</strong></span> <span class='ocrx_word' id='word_1_175' title='bbox 174 2757 213 2814; x_wconf 87' lang='lat' dir='ltr'><strong>ed</strong></span> <span class='ocrx_word' id='word_1_176' title='bbox 236 2757 380 2813; x_wconf 86' lang='lat' dir='ltr'><strong>Senatum</strong></span> <span class='ocrx_word' id='word_1_177' title='bbox 400 2752 480 2810; x_wconf 89' lang='lat' dir='ltr'><strong>missi</strong></span> <span class='ocrx_word' id='word_1_178' title='bbox 504 2752 651 2808; x_wconf 83' lang='lat' dir='ltr'><strong>terebant:</strong></span> <span class='ocrx_word' id='word_1_179' title='bbox 680 2753 833 2825; x_wconf 86' lang='lat' dir='ltr'><strong>nullaeque</strong></span> <span class='ocrx_word' id='word_1_180' title='bbox 854 2751 886 2808; x_wconf 91' lang='lat' dir='ltr'><strong>in</strong></span> <span class='ocrx_word' id='word_1_181' title='bbox 908 2767 967 2808; x_wconf 83' lang='lat' dir='ltr'><strong>eos-</strong></span> 
     </span>
     <span class='ocr_line' id='line_1_26' title="bbox 90 2848 1076 2928; baseline -0.007 -14"><span class='ocrx_word' id='word_1_182' title='bbox 90 2854 275 2928; x_wconf 88' lang='lat' dir='ltr'><strong>lmperatoris</strong></span> <span class='ocrx_word' id='word_1_183' title='bbox 295 2853 408 2918; x_wconf 80' lang='lat' dir='ltr'><strong>litterae</strong></span> <span class='ocrx_word' id='word_1_184' title='bbox 422 2850 617 2923; x_wconf 83' lang='lat' dir='ltr'><strong>suspicionem</strong></span> <span class='ocrx_word' id='word_1_185' title='bbox 637 2848 757 2916; x_wconf 81' lang='lat' dir='ltr'><strong>dabant,</strong></span> <span class='ocrx_word' id='word_1_186' title='bbox 773 2849 913 2906; x_wconf 87' lang='lat' dir='ltr'><strong>invalido</strong></span> <span class='ocrx_word' id='word_1_187' title='bbox 921 2867 965 2908; x_wconf 88' lang='lat' dir='ltr'><strong>ac.</strong></span> <span class='ocrx_word' id='word_1_188' title='bbox 1075 2877 1076 2896; x_wconf 59' lang='lat' dir='ltr'><strong>u</strong></span> 
     </span>
     <span class='ocr_line' id='line_1_27' title="bbox 89 2946 959 3026; baseline -0.01 -12"><span class='ocrx_word' id='word_1_189' title='bbox 89 2957 208 3014; x_wconf 82' lang='lat' dir='ltr'><strong>fortasse</strong></span> <span class='ocrx_word' id='word_1_190' title='bbox 221 2952 332 3026; x_wconf 83' lang='lat' dir='ltr'><strong>ignaro,</strong></span> <span class='ocrx_word' id='word_1_191' title='bbox 353 2951 423 3008; x_wconf 86' lang='lat' dir='ltr'><strong>licta</strong></span> <span class='ocrx_word' id='word_1_192' title='bbox 440 2948 635 3023; x_wconf 82' lang='lat' dir='ltr'><strong>pleraque‚.ob</strong></span> <span class='ocrx_word' id='word_1_193' title='bbox 648 2946 825 3004; x_wconf 86' lang='lat' dir='ltr'><strong>inimicitias</strong></span> <span class='ocrx_word' id='word_1_194' title='bbox 842 2947 959 3005; x_wconf 88' lang='lat' dir='ltr'><strong>Macro-</strong></span> 
     </span>
     <span class='ocr_line' id='line_1_28' title="bbox 36 3043 959 3124; baseline -0.01 -12"><span class='ocrx_word' id='word_1_195' title='bbox 36 3053 135 3124; x_wconf 66' lang='lat' dir='ltr'><strong>tssnis</strong></span> <span class='ocrx_word' id='word_1_196' title='bbox 160 3057 245 3109; x_wconf 88' lang='lat' dir='ltr'><strong>notas</strong></span> <span class='ocrx_word' id='word_1_197' title='bbox 272 3049 304 3106; x_wconf 91' lang='lat' dir='ltr'><strong>in</strong></span> <span class='ocrx_word' id='word_1_198' title='bbox 330 3046 507 3104; x_wconf 83' lang='lat' dir='ltr'><strong>Arruntium.</strong></span> <span class='ocrx_word' id='word_1_199' title='bbox 557 3043 649 3118; x_wconf 82' lang='lat' dir='ltr'><strong>Igitur</strong></span> <span class='ocrx_word' id='word_1_200' title='bbox 672 3045 830 3111; x_wconf 87' lang='lat' dir='ltr'><strong>Domitius,</strong></span> <span class='ocrx_word' id='word_1_201' title='bbox 857 3045 959 3104; x_wconf 86' lang='lat' dir='ltr'><strong>deien-</strong></span> 
     </span>
     <span class='ocr_line' id='line_1_29' title="bbox 62 3141 962 3220; baseline -0.007 -14"><span class='ocrx_word' id='word_1_202' title='bbox 62 3151 202 3220; x_wconf 78' lang='lat' dir='ltr'><strong>¹sionem</strong></span> <span class='ocrx_word' id='word_1_203' title='bbox 215 3147 368 3210; x_wconf 87' lang='lat' dir='ltr'><strong>meditans,</strong></span> <span class='ocrx_word' id='word_1_204' title='bbox 397 3143 519 3206; x_wconf 84' lang='lat' dir='ltr'><strong>Marsus,</strong></span> <span class='ocrx_word' id='word_1_205' title='bbox 544 3147 689 3214; x_wconf 85' lang='lat' dir='ltr'><strong>tamquam</strong></span> <span class='ocrx_word' id='word_1_206' title='bbox 714 3141 844 3200; x_wconf 84' lang='lat' dir='ltr'><strong>inediam</strong></span> <span class='ocrx_word' id='word_1_207' title='bbox 869 3143 962 3200; x_wconf 70' lang='lat' dir='ltr'><strong>desti=</strong></span> 
     </span>
     <span class='ocr_line' id='line_1_30' title="bbox 87 3238 1076 3315; baseline -0.007 -11"><span class='ocrx_word' id='word_1_208' title='bbox 87 3247 227 3310; x_wconf 83' lang='lat' dir='ltr'><strong>nevisset,</strong></span> <span class='ocrx_word' id='word_1_209' title='bbox 243 3242 403 3315; x_wconf 79' lang='lat' dir='ltr'><strong>produxere</strong></span> <span class='ocrx_word' id='word_1_210' title='bbox 418 3238 526 3292; x_wconf 88' lang='lat' dir='ltr'><strong>vitam:</strong></span> <span class='ocrx_word' id='word_1_211' title='bbox 557 3240 720 3305; x_wconf 84' lang='lat' dir='ltr'><strong>Arruntius,</strong></span> <span class='ocrx_word' id='word_1_212' title='bbox 734 3241 957 3298; x_wconf 80' lang='lat' dir='ltr'><strong>cunctationem</strong></span> <span class='ocrx_word' id='word_1_213' title='bbox 1075 3247 1076 3266; x_wconf 68' lang='lat'>¹</span> 
     </span>
     <span class='ocr_line' id='line_1_31' title="bbox 81 3332 956 3406; baseline -0.005 -8"><span class='ocrx_word' id='word_1_214' title='bbox 81 3347 116 3398; x_wconf 82' lang='lat' dir='ltr'><strong>et</strong></span> <span class='ocrx_word' id='word_1_215' title='bbox 131 3332 224 3398; x_wconf 88' lang='lat' dir='ltr'><strong>mores</strong></span> <span class='ocrx_word' id='word_1_216' title='bbox 243 3335 427 3406; x_wconf 73' lang='lat' dir='ltr'><strong>suadentibus</strong></span> <span class='ocrx_word' id='word_1_217' title='bbox 439 3333 560 3404; x_wconf 60' lang='lat' dir='ltr'><strong>¹unricia,</strong></span> <span class='ocrx_word' id='word_1_218' title='bbox 587 3336 676 3392; x_wconf 87' lang='lat' dir='ltr'><strong>‘Non</strong></span> <span class='ocrx_word' id='word_1_219' title='bbox 696 3337 797 3395; x_wconf 88' lang='lat' dir='ltr'><strong>eedem</strong></span> <span class='ocrx_word' id='word_1_220' title='bbox 817 3337 956 3397; x_wconf 89' lang='lat' dir='ltr'><strong>omnibus</strong></span> 
     </span>
     <span class='ocr_line' id='line_1_32' title="bbox 86 3427 955 3510; baseline 0.001 -17"><span class='ocrx_word' id='word_1_221' title='bbox 86 3435 210 3508; x_wconf 83' lang='lat' dir='ltr'><strong>decora‚’</strong></span> <span class='ocrx_word' id='word_1_222' title='bbox 229 3431 386 3509; x_wconf 85' lang='lat' dir='ltr'><strong>respoudit.</strong></span> <span class='ocrx_word' id='word_1_223' title='bbox 415 3427 490 3486; x_wconf 67' lang='lat' dir='ltr'><strong>‘sibi</strong></span> <span class='ocrx_word' id='word_1_224' title='bbox 511 3429 587 3488; x_wconf 86' lang='lat' dir='ltr'><strong>satia</strong></span> <span class='ocrx_word' id='word_1_225' title='bbox 606 3433 733 3492; x_wconf 76' lang='lat' dir='ltr'><strong>aetaliae.</strong></span> <span class='ocrx_word' id='word_1_226' title='bbox 756 3451 853 3510; x_wconf 87' lang='lat' dir='ltr'><strong>neque</strong></span> <span class='ocrx_word' id='word_1_227' title='bbox 874 3435 955 3494; x_wconf 86' lang='lat' dir='ltr'><strong>aliud</strong></span> 
     </span>
    </p>
   </div>
   <div class='ocr_carea' id='block_1_4' title="bbox 0 0 1086 3846">
    <p class='ocr_par' dir='ltr' id='par_1_19' title="bbox 0 0 1086 3846">
     <span class='ocr_line' id='line_1_33' title="bbox 0 0 1086 3846; baseline 0 0"><span class='ocrx_word' id='word_1_228' title='bbox 0 0 1086 3846; x_wconf 95' lang='lat' dir='ltr'><strong> </strong></span> 
     </span>
    </p>
   </div>
  </div>
 </body>
</html>
