2186 3848
118 227 263 280 noua
382 223 452 272 are.
476 223 555 276 arrr.
604 224 683 276 oar.
712 208 768 276 it.
923 209 998 281 3⁵ss

121 388 217 458 ‘qnae
245 379 339 454 primu
362 384 454 446 antae,
474 385 506 439 et
526 397 639 440 marma
662 380 780 439 iortuna
803 383 999 456 expeterent?

121 481 204 554 Quin
229 483 260 538 et
284 479 429 538 fatebatur
448 479 708 554 ‘intampertinana
734 481 942 551 retentatore?
966 487 998 542 et

120 597 244 640 auarum
264 595 362 653 opuna,
382 595 457 653 quae
482 580 561 640 haud
588 582 689 654 praem
713 580 910 655 imperatoriir
930 586 997 648 aba·

120 685 200 748 rant,
223 679 325 752 eopia·
352 679 506 738 tradebat:
536 684 568 736 ut
596 679 687 738 ninnia
713 698 805 755 nuper
832 686 998 742 noemendo

120 779 194 849 arro,
209 778 251 836 ita
261 795 374 836 rnrrum
386 751 614 852 intemperantior
629 780 766 838 demina.
808 782 892 856 Quae
906 790 997 842 mute·

121 877 167 936 tio
194 895 289 953 neque
317 878 468 936 Neronem
494 877 610 947 ieietiit‚
632 883 664 936 et
691 880 816 952 proximi
838 882 997 942 amieomnr

120 977 302 1044 metuebant,
328 978 517 1052 orabantque,
545 981 672 1036 ‘nevere
705 979 828 1054 inridier
856 981 996 1050 mutierir,

34 1089 38 1096 '
121 1077 391 1150 ‘eomparatroeia
415 1082 478 1134 tom
505 1083 535 1134 et
558 1076 669 1135 tetrae?
709 1079 799 1137 Forte
820 1080 880 1138 iiiia
893 1081 997 1141 diebu·

122 1175 246 1243 Caerar,
271 1174 406 1248 ineproto
437 1180 551 1241 ornatu,
573 1194 631 1251 quo
658 1177 828 1251 Principum
855 1181 996 1256 oooiuger

119 1291 158 1334 ae
170 1278 305 1348 parentes
318 1273 494 1343 etinterrnnt,
505 1275 610 1350 deligit
621 1282 773 1336 vertemot
782 1297 921 1354 gemmae,
931 1281 996 1340 mia·

121 1375 205 1451 itque
224 1376 332 1434 donum
346 1374 441 1440 maid,
455 1377 536 1432 nnita
549 1375 734 1450 parsimonia,
748 1393 815 1441 euna
831 1380 996 1454 praeeipua,

121 1481 154 1533 et
164 1475 264 1550 oupita
278 1475 353 1543 aliie,
372 1474 449 1548 prior
461 1474 595 1532 deterret.
612 1477 673 1534 Sed
689 1477 862 1553 Agrippina,
878 1497 937 1538 nou
949 1479 995 1538 hia

119 1574 246 1633 ‘instrui
260 1578 355 1632 ouitua
367 1591 442 1640 auor,
456 1575 508 1631 aed
521 1575 627 1632 eeteria
642 1577 743 1648 areeri,
760 1581 929 1651 proclamat,
939 1587 948 1614 ⁶
959 1583 990 1636 e't

119 1674 275 1734 ‘dividere
285 1673 386 1762 titium,
400 1691 473 1748 quae
487 1680 595 1734 eurota
607 1693 646 1732 ex
666 1675 728 1750 ipae
745 1677 886 1736 haberet!
927 1679 995 1736 Neo

95 1783 100 1798 ⁸
121 1773 242 1831 defuere
251 1773 339 1848 quiin
350 1773 476 1830 deterius
488 1773 637 1830 referrent.
658 1775 697 1832 Et
712 1776 793 1834 Naro
803 1777 933 1836 intentur
948 1776 994 1845 iis,

120 1875 232 1952 quibua
247 1876 382 1950 superbia
406 1875 535 1935 mulieris
555 1875 742 1943 innitebatur,
761 1877 899 1934 demovet
928 1877 989 1934 Pal·
1006 1869 1046 1929 lt

119 1978 233 2034 tantem
247 1993 316 2034 eura
331 1993 432 2042 rerum,
453 1975 554 2050 quiea
584 1973 709 2032 Claudio
736 1973 889 2048 inponitur,
912 1977 994 2032 velut

120 2075 261 2134 arbitrum
287 2074 382 2149 Regni
409 2077 534 2150 agebat:
565 2073 774 2148 ferebaturque,
801 2071 992 2147 degrediente

114 2190 167 2241 eo,
181 2191 288 2248 magna
307 2173 542 2248 prosequentium
570 2172 765 2239 multitudine,
790 2189 848 2230 non
870 2173 993 2230 abrurde

121 2271 235 2329 dixisse
251 2271 325 2329 t'Ire
350 2271 520 2340 Pallantem,
532 2277 563 2328 ut
576 2269 705 2329 maruan.
750 2272 830 2328 Sane
844 2269 994 2344 pepigerat

122 2371 233 2438 Patina,
252 2377 310 2428 ‘ne
323 2372 405 2428 ouius
420 2371 491 2428 iacti
514 2372 544 2428 io
561 2371 746 2444 praeteritum
760 2369 993 2443 interrogaretur,

120 2476 131 2504 ⁶
145 2487 284 2545 paresque
298 2471 426 2528 rationes
439 2487 506 2528 oum
522 2471 646 2544 Repubt.
669 2467 807 2528 baberet?
847 2469 995 2543 Praeeepn

120 2577 187 2644 poet
209 2571 282 2627 haee
311 2569 474 2643 Agrippina
495 2587 577 2626 ruere
598 2571 636 2626 ad
672 2575 810 2646 terrorem
833 2574 863 2624 et
889 2567 992 2628 minae.

120 2687 216 2744 neque
229 2668 373 2742 Prinoipin
387 2669 502 2726 auribus
524 2668 679 2735 abstinere,
692 2685 748 2742 quo
761 2669 858 2725 minue
876 2675 993 2727 testare-

121 2773 177 2833 tur,
197 2769 347 2826 ‘aduitum
369 2769 426 2825 iam
440 2786 506 2824 eree
521 2767 733 2834 Britannicum,
749 2785 847 2824 veram
862 2765 993 2842 dignam·

121 2885 178 2944 que
192 2867 312 2940 stirpem
333 2868 519 2940 euaeipiendo
533 2867 621 2938 patrie
637 2867 775 2939 imperio,
798 2867 874 2941 quod
889 2867 992 2928 inritae

127 2973 174 3026 ‘et
189 2968 354 3040 adoptivae,
376 2986 426 3040 per
444 2967 563 3024 iniuriae
586 2967 685 3024 matria
710 2975 870 3027 exerceret.
923 2971 993 3028 Nou

121 3070 270 3124 ‘abnuere
290 3086 334 3130 ao,
348 3067 417 3141 quia
431 3075 539 3124 ouante
553 3067 680 3124 inieiioie
700 3069 802 3126 domur
824 3071 900 3126 maia
914 3073 993 3141 pate-

121 3167 251 3231 ‘fierrnt
279 3185 347 3224 auae
370 3165 401 3224 in
426 3165 525 3237 primia
549 3165 676 3238 nuptiae.
701 3185 783 3236 auum
807 3167 992 3224 verreficium.

123 3265 181 3324 ‘ld
196 3267 289 3322 aotam
305 3266 369 3322 niis
384 3273 410 3321 ei
426 3265 483 3322 eibi
498 3265 653 3337 provisum,
668 3267 742 3340 quud
760 3266 870 3322 viveret
888 3265 993 3340 privig-

121 3368 209 3422 ‘nue
251 3365 360 3422 ituram
385 3381 452 3456 oum
478 3364 531 3424 iiio
551 3363 582 3422 in
607 3371 711 3421 eastra.
753 3362 993 3427 Audireturtriuo
