2166 3834
110 211 135 258 a.
151 211 231 261 can
332 209 405 258 nra.
432 210 483 257 ιιι.
531 209 609 258 cae.
641 189 803 260 19.-2i.
907 145 1031 262 139³

107 363 228 423 introiit.
256 381 424 439 paucosque
448 371 512 437 post
535 365 599 422 dies
619 365 774 439 Vipsania,
794 371 886 424 mater
906 367 977 437 eius,

108 465 244 530 excessit,
265 481 325 522 una
337 465 467 522 omnium
484 464 630 539 Agrippae
645 465 797 523 fiberonrm
810 465 874 522 mu
887 466 977 524 obitu.

106 579 171 620 uam
199 570 325 626 eeteros,
355 563 547 630 manifestum,
581 565 664 632 ferro,
687 569 733 622 vet
758 565 900 624 creditum
923 571 978 635 est,

107 679 225 720 veneno
240 669 291 720 aut
308 663 395 728 fame,
410 663 582 720 exstinctos.

148 761 262 819 Eodem
272 780 354 818 anno
376 761 560 830 Tacfarinas,
575 779 659 836 quem
679 763 772 836 priore
793 769 905 822 aestate
919 752 1031 837 put-2⁰

110 878 171 919 snm
191 880 208 918 a
230 861 366 926 Gamitto,
390 861 560 927 memoravi,
581 865 687 920 tretium
714 864 745 921 in
775 863 878 922 Africa
898 881 979 922 reno-

109 967 168 1026 vat,
196 963 281 1036 vagis
303 961 425 1034 primum
446 961 688 1033 populationibus,
708 969 738 1019 et
761 965 800 1020 ob
825 962 980 1036 pernicita-

110 1061 303 1118 teminnttis:
323 1061 393 1118 dein
416 1058 498 1116 vicos
526 1060 714 1126 exscindere,
728 1063 843 1118 trahere
870 1077 978 1135 gravae

110 1162 250 1234 praedas:
267 1165 422 1232 postremo,
444 1158 521 1215 haud
542 1162 640 1231 procat
663 1159 773 1233 Pagida
788 1160 916 1224 flumine,
931 1175 978 1218 cu·

110 1259 220 1315 hortem
245 1259 410 1316 Romanam
443 1257 638 1316 circumsedit.
689 1258 827 1316 Praeerat
854 1261 977 1318 easteffo

105 1359 247 1423 Decrius,
274 1357 399 1430 impiger
426 1373 521 1424 manu,
542 1357 688 1414 exereitus
713 1357 826 1425 militie,
846 1365 876 1416 et
895 1360 976 1416 ittam

108 1457 294 1514 rrbairtionem
308 1455 412 1530 flagitii
439 1462 525 1513 ratus.
566 1457 596 1514 la
617 1458 782 1514 cohortatus
802 1458 919 1526 milites,
945 1464 976 1516 rrt

108 1552 215 1631 etpimrr
230 1570 345 1630 pargnac
363 1552 395 1610 irs
419 1561 513 1630 aperto
521 1553 661 1633 sererent,
685 1557 778 1613 aciem
800 1575 850 1629 pro
872 1557 976 1614 castris

104 1653 233 1711 instruit.
276 1654 430 1727 Primoque
449 1654 560 1726 impetu
571 1657 652 1728 pulsa
672 1656 814 1722 cohorte,
828 1663 975 1729 promptus

107 1752 183 1810 inter
203 1755 419 1809 tefa'oceursat
446 1753 631 1826 fugientibus,
651 1751 783 1828 increpat
814 1754 976 1834 signiferos,

109 1850 182 1929 qrsod
199 1849 357 1917 deraditis,
373 1857 424 1908 oet
437 1847 622 1908 demeritus
632 1849 711 1909 miles
730 1853 877 1910 ammaus
894 1859 977 1927 terge

108 1949 201 2008 deret.-
225 1951 310 2006 simut
331 1956 456 2022 excepta
477 1953 608 2018 vulnera,
636 1957 674 2018 et,
694 1969 866 2027 quamquam
887 1958 976 2008 trans»

107 2050 183 2107 fosso
203 2051 301 2117 oculo,
322 2049 474 2126 adversum
494 2067 526 2106 oa
540 2049 570 2106 in
585 2051 698 2108 hostem
712 2050 861 2119 intendit;
882 2065 975 2120 neque

108 2149 251 2223 proelium
266 2147 373 2213 omisit,
393 2147 497 2214 donec,
510 2150 639 2206 desertus
650 2149 719 2216 suis,
731 2150 858 2206 caderet.
893 2147 974 2218 Quas
986 2147 1024 2206 21

107 2257 261 2322 postquam
295 2247 331 2304 L.
362 2247 502 2319 Apronio,
530 2265 598 2304 nam
629 2249 757 2306 Comitio
788 2251 976 2313 successerat,

107 2353 293 2418 compertae
311 2345 402 2418 magis
434 2347 578 2403 dedecore
608 2364 731 2413 suorum,
761 2361 847 2420 quam
885 2343 976 2418 gioria

106 2445 198 2503 hostis
219 2444 334 2511 anxius,
354 2461 418 2502 raro
445 2462 481 2500 ea
506 2450 688 2518 tempestate,
709 2451 739 2502 et
759 2464 776 2501 e
797 2449 897 2500 vetere
918 2461 975 2501 me·

106 2545 199 2602 moria
232 2543 372 2611 facinore,
405 2545 559 2602 decumum
589 2563 729 2620 quemque
763 2543 975 2618 ignominiosae

104 2644 234 2702 cohortis
268 2648 347 2698 sorte
380 2642 483 2700 ductos
515 2642 583 2701 fusti
627 2650 724 2702 necat.
786 2643 975 2718 Tantumque
1001 2655 1010 2674 ·

107 2743 268 2800 severitate
289 2741 458 2814 profectum,
478 2749 510 2798 ut
525 2741 668 2800 vexilium
689 2748 900 2808 veteranorum,
915 2759 973 2800 non

108 2842 232 2915 amptius
266 2839 417 2914 quingenti
448 2856 576 2907 numero,
616 2842 734 2898 easdem
774 2840 973 2900 Tacfarinatis

106 2941 217 3014 copias,
249 2937 432 3012 praesidium,
463 2939 511 2995 cui
546 2939 645 2996 Thala
666 2957 781 3007 nomen,
815 2941 973 3014 adgressas,

105 3039 242 3098 fuderint.
264 3055 321 3114 quo
340 3037 451 3110 proelio
471 3037 561 3094 Rufus
595 3037 727 3109 Helvius,
756 3037 901 3112 gregarius
923 3037 974 3096 mi·

105 3140 157 3204 fes,
179 3137 291 3195 servati
311 3136 387 3194 civis
408 3138 497 3194 decus
526 3135 645 3206 retulit3
665 3137 844 3209 donatusque
868 3144 911 3192 est
937 3137 973 3190 ab

104 3236 244 3311 'Apronio
265 3234 410 3309 torquibus
430 3241 459 3291 et
488 3235 579 3290 hasta.
604 3234 733 3292 'Caesar
765 3233 877 3290 arididit
902 3233 974 3288 ciui

104 3353 170 3393 eam
191 3349 341 3396 coronam,
362 3330 436 3408 quod
459 3349 514 3387 noa
533 3347 596 3390 eura
613 3346 726 3404 ‘prepare
745 3327 894 3400 Apronius,
915 3325 976 3374 ture

104 3428 302 3500 Proconsulia,
327 3428 481 3498 tdtrrusct,
511 3434 628 3502 questus
648 3423 751 3496 magis,
784 3433 870 3492 quam
889 3414 977 3470 ⁰ff012·
