2166 3834
100 261 263 363 'nure
378 313 449 361 ure.
482 309 532 360 nr.
584 311 662 359 cnr.
689 293 748 358 54.
768 291 826 357 55.
936 285 1004 354 161

136 473 219 526 ‘tum
234 467 366 543 quotidie
389 467 526 534 volvitur,
538 483 573 524 ao
595 465 652 524 ulei
670 464 886 538 provinciarum
905 463 1011 536 copiae

133 573 181 625 ‘et
201 568 330 624 dominia
350 574 380 624 et
400 565 529 622 servitiis
550 573 580 623 et
618 566 695 640 agris
721 562 923 629 subvenerint,
945 579 1008 620 noa·

135 673 197 724 ‘tra
221 685 275 724 noa
296 667 412 723 eoilioet
430 683 546 722 nemora
573 673 746 739 noetraeque
770 665 860 721 villae
888 665 1008 719 tuebun-

135 763 224 824 ‘turl
246 767 343 830 Hauc,
379 765 413 821 Ρ.
435 759 479 822 0(
492 780 592 822 ourarn
616 767 740 822 ruatinet
755 760 895 836 Princeps
910 781 917 816 r
933 763 1007 820 haee

133 870 145 902 ¹
157 867 263 922 omissa
277 864 406 921 funditus
422 864 526 937 Rernp.
537 866 639 922 trahet
656 865 774 939 reliquie
788 864 864 921 intra
878 861 1007 921 animum

132 965 328 1022 ‘medendum
354 968 421 1020 eet:
450 981 502 1020 noa
528 965 639 1036 pudurr
660 981 799 1037 pauperes
826 963 1008 1032 nocerentur

131 1066 262 1122 ‘divites
277 1063 368 1120 saliae
387 1063 420 1120 in
449 1063 553 1120 melius
581 1069 680 1122 rnutet.
723 1064 793 1150 Aut,
821 1064 846 1120 ei
874 1063 937 1137 quis
965 1081 1004 1120 ex

132 1161 368 1236 ‘magistratibus
379 1168 490 1220 tantam
504 1163 676 1220 industriam
689 1179 724 1219 ao
743 1141 931 1219 severitatem
945 1163 1005 1234 pol·

133 1263 266 1340 ‘licetne
294 1266 325 1318 ut
352 1261 395 1317 ire
409 1261 530 1318 obviam
556 1269 663 1336 queat;
687 1263 765 1319 huno
793 1269 823 1318 et
852 1263 945 1328 laudo,
973 1267 1004 1318 et

130 1361 304 1418 ‘exonerari
317 1362 448 1418 laborum
473 1377 603 1418 meorum
627 1367 736 1434 parlern
761 1362 872 1420 lateor:
895 1361 939 1418 ein
956 1379 1002 1419 au·

129 1466 250 1518 ‘ousare
263 1459 335 1516 vitia
352 1463 463 1526 volunt,
473 1460 553 1526 dein,
566 1469 636 1517 oum
648 1461 768 1534 gloriam
784 1463 846 1519 eius
861 1463 903 1520 rei
917 1465 1002 1536 adep·

130 1561 262 1624 ‘lieunt
277 1558 438 1616 simultates
455 1559 620 1624 fueruntne
636 1560 706 1617 mihi
726 1561 898 1636 relinquunt,
909 1563 1003 1620 oredi-

131 1663 189 1724 ‘le‚
205 1659 240 1716 P.
258 1659 293 1716 C.
310 1676 355 1715 ore
370 1676 483 1733 quoque
499 1675 557 1715 non
572 1677 635 1716 eese
659 1660 850 1718 offensionum
865 1662 1000 1720 avidum:
1065 1679 1066 1686 ¹

130 1766 220 1834 ‘quas
248 1773 445 1831 cumgravee,
472 1763 502 1814 et
530 1760 696 1834 plerumque
717 1760 839 1837 iniquae,
861 1779 911 1834 pro
927 1762 1000 1835 Rep.

16 1869 17 1876 ’
127 1858 312 1930 ‘suseipiann
327 1857 472 1913 inrueret
491 1856 612 1923 inritas,
627 1875 720 1933 neque
746 1859 819 1916 nrihi
845 1867 894 1916 aut
917 1860 999 1917 vobis

127 1957 211 2016 ‘usui
238 1957 356 2022 loturae,
386 1958 447 2014 iure
488 1955 650 2030 deprecor?
711 1960 832 2016 Auditis·
863 1960 1055 2020 Caesarisiia

126 2059 242 2123 litteris,
258 2060 378 2114 remissa
394 2057 550 2114 Aedilibus
562 2055 632 2113 talia
643 2073 734 2128 ουτος
757 2059 897 2132 luxusque
920 2077 999 2117 men·

126 2176 186 2225 eae,
208 2159 296 2214 atine
314 2155 431 2214 Autiaoi
447 2156 519 2212 belli
541 2157 578 2212 ad
593 2173 628 2212 ee
642 2173 730 2223 arma,
745 2157 810 2229 quie
824 2159 885 2212 Ser.
902 2158 998 2216 Galba

125 2271 223 2316 rerum
236 2259 357 2329 adeptus
368 2260 422 2320 eet,
436 2273 488 2328 per
509 2273 604 2326 annue
614 2263 732 2313 eentum
748 2255 867 2326 proluels
882 2257 1002 2329 sumpti-

122 2358 176 2415 bus
191 2355 327 2422 exeruiti,
343 2355 495 2428 paullatim
507 2357 675 2412 exolevere.
718 2353 846 2410 (laureae
865 2354 927 2410 elue
940 2372 998 2414 rnu-

120 2457 245 2516 lalionie
254 2471 392 2530 quaerere
408 2455 489 2512 libel.
532 2455 620 2512 Ditee
632 2453 705 2512 olim
716 2451 844 2511 lautitiae
856 2455 1000 2514 nobilium

124 2562 176 2614 aul
191 2555 368 2613 claritudine
392 2557 531 2631 insignes,
554 2557 649 2614 studio
671 2556 906 2631 magnificentiae
935 2573 999 2629 pro·

122 2643 307 2714 labebantur.
331 2657 501 2714 nemetiam
522 2662 587 2714 tum
599 2659 715 2727 plebem
726 2657 832 2723 aurion,v
846 2674 934 2731 regna
949 2675 998 2715 oo·

122 2757 184 2813 lere
200 2760 231 2812 et
244 2755 304 2812 ooli
319 2749 449 2812 licitum:
474 2763 504 2812 ut
519 2751 638 2830 quiaque
652 2756 763 2828 opibus,
778 2758 873 2824 domo,
894 2764 998 2830 paratu

124 2854 285 2928 epeoioeue,
301 2872 352 2926 per
366 2871 473 2912 nornen
497 2849 528 2911 et
541 2855 698 2913 clientelas
709 2838 856 2913 inlustrior
871 2857 998 2914 habeba·

121 2957 175 3039 tur.
193 2959 344 3027 postquam
358 2953 496 3010 caedibus
506 2954 659 3021 saevitum,
674 2959 705 3012 et
719 2956 886 3030 magnitudo
899 2957 998 3022 lamae

122 3051 217 3110 exilio
230 3055 302 3118 erat,
327 3053 419 3110 celeri
443 3055 479 3109 arl
507 3053 685 3124 sapientiora
699 3063 883 3122 convertere,
907 3059 995 3114 simul

120 3150 193 3208 novi
209 3151 344 3208 nominee
368 3151 573 3224 emunioipile
595 3157 626 3208 et
651 3153 778 3215 coloniis
789 3160 875 3227 atque
903 3157 996 3212 etiarn
1065 3203 1066 3206 ,

121 3251 298 3324 provinciis,
309 3249 339 3306 in
356 3251 500 3308 Senatum
510 3253 611 3307 erebro
631 3253 787 3326 adsumpti,
802 3254 997 3310 ‹lomesrioane

122 3349 336 3424 parcimoniam
359 3350 536 3406 intulerunt:
557 3356 598 3419 et,
618 3365 790 3423 quemquam
805 3350 928 3412 fortuna,
945 3354 996 3406 vel

119 3447 273 3514 industria,
296 3451 423 3522 plerique
438 3447 625 3522 pecuniosam
646 3448 684 3504 ad
697 3451 846 3502 eeneotum
861 3445 996 3514 perveni·

119 3553 195 3618 rent,
211 3547 320 3605 mansit
341 3553 441 3606 temen
468 3547 547 3621 prior
573 3544 695 3600 animae.
739 3541 799 3598 Sed
822 3539 998 3612 praeeipuuu
1065 3559 1066 3568 ¹

158 3663 234 3704 rou.
256 3663 280 3702 r.
558 3635 628 3697 1¹1*
