2134 3826
92 233 140 306 30
307 247 313 260 ·
392 245 600 310 ‘Amastra
657 265 664 274 ·
750 267 754 274 ·
816 261 892 311 au.
910 267 962 313 aar.

79 410 158 492 sore,
181 409 475 482 clamitans,mduxit
497 414 529 474 in
543 415 665 474 hiberna
687 415 816 474 turbidos
830 421 861 474 et
885 416 963 474 nihii

37 540 80 600 39
91 529 183 570 nunna
224 513 341 572 Interea
355 515 445 588 iegati
458 517 495 572 ab
511 517 632 582 Senatu,
641 533 802 590 agressum
811 515 869 574 inm
882 517 962 590 eund

52 660 55 669 .
89 629 170 672 nram
184 613 326 672 Vbiorum
341 613 550 672 Germanicum
563 615 680 672 adeunt.
722 614 967 688 Duaeitriiegio¹

89 729 152 778 ner,
166 710 357 787 ponantque
382 713 532 780 vioesima,
554 713 751 788 veteranique,
766 731 857 786 nuper
879 713 964 772 mirsi

89 814 143 870 rub
158 811 279 876 vexillo,
293 811 469 870 hiemabant
511 812 639 870 Paridon
660 819 691 869 et
711 813 897 870 nonanientia
912 831 963 870 ve·

89 913 195 970 eordes
206 910 296 981 intrat
311 915 414 977 metus,
428 912 545 970 venisse
566 911 684 970 Petrum
709 913 796 974 iussu,
810 912 860 986 qni
879 912 964 970 irrita

89 1011 229 1074 iacerent,
255 1027 328 1084 quae
353 1029 404 1084 per
428 1011 602 1069 seditionem
630 1018 843 1085 expresserant.
872 1021 964 1088 utque

89 1125 152 1168 mos
167 1111 265 1182 vuigo,
278 1109 411 1184 quamvis
431 1111 511 1168 iatsis
535 1127 615 1168 reum
637 1113 769 1174 subdere.
794 1111 963 1170 Munatium

89 1207 242 1274 Ptanoum,
266 1211 418 1266 consulatu
441 1209 581 1274 sonetum,
604 1210 765 1283 prinoipem
794 1211 963 1284 legationis,

89 1314 238 1366 auctorem
254 1308 507 1368 Senatoseonautti
521 1310 675 1367 incusant:
694 1319 725 1366 et
752 1316 839 1366 noete
853 1326 963 1368 conou-

89 1407 139 1466 bia
154 1406 305 1474 vexilium,
319 1409 350 1464 in
364 1410 450 1468 domo
470 1409 641 1468 Germanioi
656 1409 753 1470 situm,
768 1409 899 1483 flagitare
914 1426 964 1466 oe·

89 1507 221 1581 eipiuut:
254 1523 453 1583 concursuque
480 1509 517 1564 ad
545 1509 661 1566 ianuam
688 1507 775 1575 iacto,
803 1508 963 1565 moliuntur

89 1609 183 1679 turen
203 1616 370 1668 extractum,
381 1607 472 1666 eutriti
497 1607 663 1676 Caesarem,
679 1609 791 1664 tradere
806 1607 962 1675 vexilium,

90 1709 206 1768 intento
220 1708 320 1768 mortis
342 1715 420 1766 metu
444 1709 589 1782 subigunt.
619 1723 697 1773 mox,
720 1706 788 1780 vagi
811 1725 863 1779 per
887 1708 962 1774 vias,

90 1809 195 1866 obvios
220 1809 346 1866 habuere
374 1809 493 1881 legatos,
521 1805 620 1864 audita
647 1806 895 1869 annotaruntione,
923 1805 962 1863 ari

92 1907 301 1966 Germanicum
326 1908 490 1964 tendentes.
511 1907 645 1979 ingerunt
660 1905 873 1962 oontumeiias:
895 1924 962 1964 cae·

89 2008 157 2065 tienr
182 2013 284 2080 parunt
298 1995 314 2063 ι’
337 2007 449 2064 Ptaneo
471 2005 608 2071 maxime,
632 2023 718 2079 quem
743 2004 871 2079 dignitas
890 2006 961 2080 tuga

89 2107 294 2181 impediverat.
303 2123 397 2180 neque
411 2106 489 2163 atiud
505 2104 681 2177 periotitanti
695 2105 864 2170 subsidium,
873 2122 961 2179 quam

90 2216 184 2269 eastra
200 2207 310 2282 primae
324 2205 457 2280 legionis.
472 2205 534 2264 ittie
548 2205 631 2279 signa
646 2211 676 2260 et
690 2205 815 2279 aquilam
830 2208 960 2279 ampiex-

89 2327 134 2376 us,
154 2308 296 2382 reiigione
309 2324 374 2364 sese
389 2308 551 2363 tutabatur:
570 2321 616 2370 ae,
637 2305 668 2360 ni
683 2303 815 2378 aquilifer
837 2305 960 2378 Calpur·

89 2408 156 2466 nius
184 2407 243 2465 virn
277 2413 439 2464 extremam
461 2403 611 2467 arcuisset,
634 2399 742 2480 (rarum
767 2403 857 2462 etiam
882 2405 961 2462 inter

88 2503 201 2583 hostes)
214 2507 326 2579 tegatus
351 2503 449 2578 popuii
472 2501 608 2570 Romani,
633 2501 773 2560 Romania
793 2503 824 2560 in
845 2506 960 2573 eastris,

119 2679 188 2728 Nocte
204 2680 309 2728 amentio
327 2679 445 2743 nouitium]
476 2680 542 2732 erod
560 2677 686 2730 vexilium?
700 2679 786 2728 illudne
801 2679 842 2726 surb
859 2693 905 2740 qun
921 2693 963 2726 ve-

88 2740 160 2785 terani
178 2739 338 2786 habebantur?
353 2753 395 2785 non
414 2740 510 2785 ridetur.
542 2739 596 2785 Non
615 2741 673 2784 enirn
693 2739 727 2784 ilii
747 2740 826 2796 notum,
845 2740 883 2784 aed
900 2741 960 2786 duae

88 2799 187 2856 legionen
197 2800 220 2844 in
236 2800 314 2844 andern
323 2800 399 2859 eulpa.
415 2813 507 2860 quarum
518 2799 579 2856 signa
594 2799 728 2858 aquilaeque
737 2813 760 2846 un
778 2807 863 2852 castrus,
881 2812 925 2843 non
936 2814 960 2846 ιιι

88 2857 310 2928 tabernacutoduois.
342 2857 413 2903 Refer
429 2873 483 2918 ergo
500 2859 528 2904 ad
540 2857 607 2926 aliud.
617 2857 732 2914 vexilium,
741 2863 765 2904 et
780 2857 875 2928 obaerua
891 2858 960 2904 ritum

87 2915 960 3034 titttttaittssaittttttitttiai‘i'atit‘zztttt'ititi

88 3033 154 3078 trium
164 3033 310 3094 proponendi.
343 3033 394 3080 Hoc
404 3034 506 3091 insignite
515 3042 538 3080 et
548 3043 602 3083 κατ’
620 3036 696 3101 ιξοχην
708 3036 729 3080 V
729 3037 824 3083 exitium
834 3035 927 3082 dictum.

117 3111 252 3158 Ewwum
269 3113 340 3159 coriti
353 3113 479 3178 Oneum]
510 3117 573 3162 Care
590 3118 633 3164 viru
653 3119 745 3166 Caesari
764 3120 847 3164 tantam
865 3118 958 3176 cogites.

87 3168 188 3216 &crati
206 3170 441 3277 dicurrtrrretiam,fiui
456 3176 551 3235 strepitu
571 3184 609 3222 out
629 3179 674 3223 aiia
690 3193 715 3223 re
735 3179 850 3230 commoti,
867 3185 961 3236 surgrrnt

87 3227 175 3278 eiecto,
186 3229 359 3287 progrediuntur
385 3288 390 3299 ι
421 3232 585 3280 iountnretiam
604 3237 681 3281 exart.
694 3237 737 3283 biv
758 3241 778 3291 i,
795 3242 815 3283 t.
848 3237 960 3286 Euander

87 3298 197 3332 concursu
211 3291 324 3356 probrum
333 3290 494 3357 trementium
508 3293 599 3339 aratus.
632 3295 690 3341 Em.
726 3297 755 3340 At
768 3298 827 3340 torea
845 3297 960 3344 uroiienti·

87 3357 124 3388 unr
136 3359 254 3406 necemque
264 3353 394 3392 enarrantium
405 3350 497 3394 audacia
509 3351 749 3398 Lamailoineredibite
757 3355 809 3398 tacit
820 3355 865 3400 vim
876 3357 959 3404 tactam

86 3415 133 3447 non
149 3417 204 3448 esse.
237 3403 346 3464 Equidem
363 3405 444 3454 neseio.
454 3408 505 3511 Trid
517 3409 615 3466 feceriut,
635 3413 675 3456 uiai
686 3412 744 3471 quod
755 3427 806 3457 eurn
825 3428 868 3459 uon
885 3422 960 3463 traxe·

85 3467 139 3507 runt
148 3461 248 3521 Μίδαι
279 3461 365 3510 Enetre
373 3464 452 3524 pauito
469 3467 531 3513 euius
541 3469 675 3518 vocabulum
685 3475 719 3516 est
728 3485 795 3532 quarn
805 3479 914 3520 nostrum.
