2164 3846
121 199 244 252 acm.
381 197 451 246 nun.
476 197 510 246 v⁴
562 197 640 246 cnr.
658 177 786 248 .2.-t.
918 181 994 250 est

123 355 214 416 debat
234 349 405 412 auctoritati
423 351 551 425 parentia
570 329 691 410 antcire'
713 355 794 420 tunc,
813 355 897 412 uelut
909 353 998 414 irenis

122 453 263 520 exsoluti,
282 455 488 526 proruperunt:
516 451 679 526 missaeque
701 451 732 508 ia
747 450 941 526 Agrippinam
962 469 998 514 ec

122 554 278 611 Neronem
299 533 425 618 litteren,
446 567 516 624 quas
539 551 651 624 pridem
672 551 794 618 adlatas,
808 555 839 608 el
852 549 998 608 cohibites

123 654 160 710 ab
175 653 322 726 Augusta,
336 649 461 708 credidit
475 651 588 724 uulgus·
609 649 685 708 baud
700 648 780 706 enim
797 651 919 708 multum
933 655 999 724 post

123 757 249 810 mortem
270 749 336 808 eins
357 749 498 808 recitatae
521 751 596 806 suut.
618 750 709 806 verbe
728 748 846 806 inerant
867 750 1000 824 quaesita

123 850 303 923 asperitate:
323 849 375 906 sed
397 865 456 906 non
475 865 565 915 arma,
587 864 646 904 non
666 865 761 906 rerum
782 865 925 924 novarum
942 855 1000 908 stu·

124 949 225 1019 dium,
245 944 511 1010 ammonianum,
532 952 559 1002 rt
576 943 769 1034 inpudicitiam
787 948 888 1022 nepoti
901 949 999 1008 obiec-

123 1049 213 1106 tabat.
229 1047 263 1104 in
284 1063 386 1104 nurum
401 1065 438 1106 ue
458 1046 489 1104 id
513 1045 630 1119 quidem
649 1045 817 1123 contingere
836 1063 931 1114 ausus,
951 1045 999 1104 od·
1027 1034 1029 1040 ’

123 1144 288 1222 rogantium
317 1141 376 1202 oris
405 1150 432 1202 et
464 1149 650 1202 contumacem
683 1141 809 1200 animam
825 1145 998 1214 ‘incusavln

124 1262 232 1320 magno
248 1245 373 1302 Senatus
388 1260 495 1318 pavore
509 1261 545 1300 ac
559 1241 695 1303 silentio:
716 1243 811 1300 donec
826 1245 999 1319 paccionis

125 1345 206 1402 nulla
221 1361 260 1400 ex
281 1344 405 1400 honesto
425 1360 501 1416 spes,
521 1339 566 1419 (et
587 1341 705 1415 publica
726 1345 803 1400 mala
823 1343 945 1420 singulis
964 1344 997 1402 in

126 1442 315 1500 occasionem
335 1441 445 1514 gratiae
462 1437 626 1516 trabuntur)
642 1446 673 1497 nt
693 1439 853 1520 rp‘erretur,
873 1447 997 1517 postula·

125 1559 205 1610 vere,
233 1540 449 1615 promptissimo
475 1541 564 1600 (iolla
599 1540 781 1610 Menullino,
808 1559 875 1601 cum
903 1541 997 1622 ptrooi

125 1640 293 1698 sententia:
311 1641 363 1698 sed
386 1640 452 1698 aliis
470 1657 489 1698 a
508 1639 688 1714 primoribus,
709 1641 893 1716 maximeque
907 1659 925 1702 a
939 1659 997 1700 ma·

124 1739 304 1814 gistratibus,
328 1739 546 1814 trepidabatur:
572 1737 678 1812 quippe
703 1739 853 1808 Tiberius,
874 1741 930 1797 etsi
954 1739 998 1798 iu·

124 1840 205 1898 leuse
220 1837 369 1906 invectus,
389 1843 489 1896 cetera
510 1841 645 1915 ambigua
667 1841 833 1916 reliquerat.
875 1839 944 1896 Fuit
965 1837 996 1896 in
1008 1861 1028 1918 4

126 1938 240 1994 Senatu
262 1937 364 1994 Iunius
385 1937 532 2006 Rusticus,
552 1940 763 2013 componendis
785 1939 904 1996 Petrum
922 1935 997 1994 actis

124 2037 258 2096 delectus
281 2035 458 2102 asliaesare,
479 2055 571 2110 eoque
596 2038 802 2098 meditationes
827 2035 888 2092 eius
910 2036 998 2095 intro·

122 2134 238 2208 spicere
265 2131 413 2190 creditus:
447 2133 480 2204 is,
514 2135 596 2193 letali
623 2138 748 2210 quodam
782 2143 862 2192 motu
889 2133 997 2210 (neque

123 2232 204 2293 euim
220 2238 289 2290 aute
309 2232 458 2306 specimen
478 2235 662 2292 constantiae
682 2227 816 2308 dederat)
835 2249 886 2290 seu
908 2249 998 2304 prava

124 2331 255 2400 solertia,
277 2321 354 2402 dum,
381 2330 588 2390 inminentium
617 2333 734 2398 oblitus,
756 2329 869 2387 incerte
899 2335 998 2402 pauet,

123 2431 255 2501 inserere
285 2448 318 2488 ee
347 2431 554 2499 dubitantibus,
582 2449 618 2489 ec
645 2449 763 2490 monere
788 2431 941 2496 Consules,
965 2445 999 2486 ne

124 2527 287 2588 relationem
305 2527 474 2606 inciperent:
493 2531 717 2606 disserebatque,
737 2527 865 2588 breuibus
881 2545 998 2588 momen·

124 2625 163 2686 tis
189 2645 301 2684 mmrno
333 2627 402 2685 certi
429 2628 522 2706 posse,
550 2627 711 2706 quandoque
744 2627 906 2687 Gennoniei
931 2626 998 2686 stir-

122 2744 196 2804 pem,
216 2725 265 2784 ubi
286 2726 408 2804 spolium
429 2727 614 2802 poenitentioe
639 2728 723 2798 senio,
750 2746 925 2806 resurgere,
954 2727 998 2786 Si·

126 2830 185 2884 mul
208 2829 338 2902 populus,
352 2827 462 2902 effigies
483 2828 664 2902 Agrippinae
678 2845 713 2886 ec
735 2829 862 2886 Neronis
883 2846 998 2904 gerens,

125 2926 315 2984 circumsistit
334 2927 454 3007 curiam,
473 2927 611 3003 lentisque
629 2928 659 2985 in
680 2928 837 2987 Gaesarem
851 2928 996 2994 omnibus,

115 3025 217 3104 salsas
235 3023 356 3090 litteren
380 3031 406 3082 et
430 3025 561 3103 Principe
583 3025 668 3084 incito
688 3025 802 3086 ecitinan
826 3025 919 3084 donni
938 3024 999 3082 eins

126 3122 243 3188 tumui,
265 3125 407 3182 clamitat.
436 3125 478 3182 ita
502 3125 578 3182 nihil
601 3125 684 3184 triste
704 3127 757 3184 illo
776 3126 825 3183 die
844 3128 997 3198 patratum.

125 3223 292 3281 terebantur
305 3224 405 3287 etiam,
420 3226 472 3281 sub
493 3224 658 3282 nominibus
679 3224 895 3284 Consularium,
911 3221 998 3276 lictae

126 3320 157 3380 in
177 3322 320 3380 Seianum
343 3323 527 3392 sententiae3
558 3324 763 3380 exercentibus
783 3320 927 3390 plerisque
949 3329 1000 3381 l‘er

19 3443 20 3450 ¹
127 3423 290 3486 oecultum,
318 3427 406 3494 atquc
432 3437 469 3478 eo
499 3420 662 3493 procacius,
691 3415 844 3473 libidinem
871 3403 1002 3474 inuenio·

126 3536 200 3578 rum.
219 3519 298 3577 unde
311 3518 357 3576 illl
376 3519 420 3576 ira
434 3515 603 3576 uiolentior,
616 3519 647 3570 et
662 3507 798 3568 materies
811 3493 1003 3587 criminandi:
