2164 3846
116 206 247 256 10:³7.
331 201 402 248 mn.
427 200 478 248 vr.
527 199 605 247 nar.
632 173 802 248 47.-49.
915 181 986 250 271

117 363 127 393 ⁸
137 358 361 436 poenitendum,
375 373 460 430 quam
480 355 555 430 quud
573 355 649 414 inter
667 355 790 414 ludibria
810 360 841 412 et
861 355 991 429 pericula

117 459 261 516 ‘anxiam
289 461 441 514 senectam
468 455 662 521 toleravisset,
690 454 739 511 diu
770 455 888 520 Seiano,
911 472 990 514 nune

119 555 291 619 ‘Macroni
318 571 434 626 semper
460 553 550 610 aliu-ui
577 552 739 626 polentiam
767 553 900 622 inuiaua3
931 571 990 612 nau

116 649 238 726 ‘eulpa
260 654 311 710 aed
333 661 365 710 ut
385 651 560 726 flagiliorum
583 651 705 725 paliena.
748 653 826 710 Saue
840 657 994 726 paueoael

119 761 288 827 ‘supremos
300 751 446 824 Principis
457 750 520 808 dier
532 767 616 823 poene
628 750 730 808 vilari:
750 751 991 826 quemadmodum

121 863 298 910 ‘evasurum
311 848 481 908 inminenlie
494 847 672 906 iuuentam?
693 851 753 916 Au,
763 866 830 907 num
843 848 991 918 Tiberim,

119 955 207 1026 ‘pont
230 955 343 1014 tantam
369 965 470 1008 rerum.
490 947 712 1021 experientiam,
734 947 765 1004 vi
784 947 991 1006 dominationis

121 1051 301 1108 ‘convulsae
320 1054 350 1104 el
375 1054 501 1104 mulalua
525 1047 572 1114 sil,
597 1047 632 1106 G·
648 1047 814 1114 Caesarem,
835 1046 886 1104 vix
908 1045 991 1106 finila

120 1147 276 1222 ‘pueritim
290 1148 422 1220 ignarum
436 1146 575 1212 omnium,
595 1151 648 1202 eul
665 1143 797 1217 pernimia
810 1145 993 1214 innulritum,

122 1245 265 1306 ‘meliora
278 1244 500 1318 capessiturum,
516 1243 657 1300 Macrone
671 1240 768 1302 duae?
786 1242 846 1318 qui,
861 1248 893 1300 ul
911 1244 991 1302 dela·

122 1352 130 1379 ‘
142 1346 211 1412 rior,
222 1346 269 1402 ad
283 1343 503 1418 opprimendum
525 1341 671 1401 Seianum
685 1344 825 1412 delectur,
845 1345 927 1417 plura
940 1361 992 1416 per

123 1447 256 1503 ‘seelera
277 1443 381 1516 Remp.
406 1441 646 1502 confirmavisset.
671 1451 855 1516 proapealare
879 1443 938 1502 iam
957 1461 992 1502 re

123 1545 240 1602 ‘acrius
266 1541 428 1608 servilium,
454 1557 545 1614 enque
569 1540 667 1614 lugere
694 1542 784 1600 simul
807 1548 927 1600 aulaei
947 1543 991 1600 in·

123 1639 271 1700 ‘alaulim'
310 1639 395 1698 Haec
422 1639 497 1695 valia
523 1639 554 1696 in
582 1640 698 1697 modum
724 1641 873 1710 dialilaua,
899 1657 992 1698 uanae

63 1819 69 1824 ξ
124 1739 256 1798 resolvit.
298 1739 484 1796 Documenlo
504 1737 654 1811 sequenda
673 1748 765 1809 erunt,
787 1741 862 1798 bene
885 1741 992 1798 Arrun·

124 1840 199 1898 tium
212 1841 304 1894 morie
320 1853 411 1894 neum.
455 1835 604 1894 Albucilla
617 1836 705 1894 inrito
718 1837 779 1896 inlu
793 1855 810 1894 a
824 1845 916 1898 semel
931 1841 992 1898 vul·

124 1944 235 2004 nerara,
247 1937 325 1994 iuaau
340 1935 468 1994 Senatus
479 1934 510 1991 in
524 1951 671 1992 eareerem
684 1935 782 1992 serlur.
824 1938 994 2010 Slupmrum

124 2036 186 2097 eiua
201 2033 338 2100 ministri,
364 2032 536 2092 ‘Carsidius
555 2034 708 2100 Sacerdos,
729 2034 902 2101 Praetorius,
916 2043 948 2093 ul
960 2036 993 2094 in

123 2134 269 2192 ‘insulam
282 2133 501 2205 deportaretur3
528 2131 649 2188 Pontius
670 2133 861 2205 Fregellanus
881 2133 994 2194 amille·

125 2236 188 2290 ‘rel
214 2231 349 2290 ordinem
378 2229 585 2298 Seianianum
617 2235 647 2288 el
674 2229 796 2286 eaedem
824 2246 936 2303 poenae
962 2231 994 2290 in

125 2330 278 2390 ‘Laelium
302 2328 436 2388 Balbum’
460 2329 666 2386 decernuntur.
707 2328 741 2384 ld
763 2327 916 2402 quideme
937 2330 994 2388 lae·

125 2430 265 2494 lantibus,
291 2425 358 2502 qnia
385 2427 496 2484 Balbus
530 2425 604 2486 trudi
631 2426 799 2496 eloqueulia
826 2427 993 2496 habebatur,

125 2531 274 2602 promptus
299 2526 454 2582 adversum
482 2524 620 2582 insontes.
662 2523 770 2582 lisdem
793 2525 896 2584 diebus
921 2518 1053 2584 Senio·

126 2625 277 2698 Pupiniae,
292 2622 445 2682 consulari
463 2621 582 2688 tamilla,
601 2622 784 2696 repentinum
799 2629 827 2684 el
842 2625 996 2686 informem

126 2724 241 2782 exilum
254 2722 374 2796 delegil,
393 2721 473 2778 iacto
493 2721 524 2778 ia
543 2736 681 2794 praecepa
692 2705 825 2796 ¹corpure.
839 2741 942 2784 caussa
956 2727 994 2784 ad

127 2830 248 2882 matrem
268 2820 459 2886 referebatur;
486 2835 570 2892 quae,
590 2817 702 2892 pridem
721 2821 879 2894 repudiata,
892 2826 994 2882 adsen-

126 2920 285 2980 lalinnibun
313 2924 400 2992 alque
427 2918 498 2974 luxu
526 2917 700 2990 perpulisset
724 2918 865 2980 iuvenem
883 2924 920 2980 ad
947 2941 994 2992 ea,

121 3033 247 3096 quorum
266 3011 403 3091 effugium
424 3033 482 3073 non
507 3015 564 3072 nisi
587 3021 679 3074 morie
703 3016 860 3092 inveniret.
901 3022 994 3095 igilur

124 3123 264 3174 anomala
276 3113 308 3172 in
324 3115 445 3180 Senatu,
458 3130 629 3188 quamquam
649 3131 745 3190 genna
763 3116 880 3174 Palrum
894 3119 994 3175 advol-

125 3221 253 3281 veretur,
288 3213 476 3287 ‘luctumque
504 3229 697 3278 communem,
728 3218 759 3269 et
781 3205 884 3288 'magia
914 3214 996 3270 inbe-

126 3316 135 3346 ‘
147 3310 259 3376 nillum,
274 3306 326 3366 lali
339 3325 425 3382 super
438 3325 517 3374 casu,
536 3307 706 3366 feminarum
720 3306 867 3372 animum?
880 3308 996 3380 aliaque

125 3408 160 3472 in
176 3408 307 3470 eundem,
323 3407 453 3476 dolerem
474 3410 584 3466 moesta
603 3410 634 3463 el
653 3403 817 3462 miseranda
831 3403 880 3460 diu
899 3402 1002 3470 leuel,
