2164 3846
89 211 162 280 294
406 237 589 284 suusurvu
769 289 771 294 ,
814 241 844 286 a
860 239 890 286 v.
907 241 960 294 aot.

89 393 168 462 pant
201 385 310 446 lisdem
323 388 424 446 diebus
435 391 466 448 in
478 406 625 448 numerum
635 389 823 462 patriciorum
831 391 964 450 adscivit

90 487 200 546 Caesar
214 489 439 546 vetustissimum
463 505 605 562 quemque
619 507 636 544 e
652 491 774 556 Senatu,
784 498 835 546 aut
855 491 961 564 quibua

93 589 165 644 clari
193 597 326 660 parentes
340 588 472 645 luerunt:
494 589 592 659 paucis
614 587 673 644 ianr
693 588 812 662 reliquia
838 590 962 646 tamilla-

89 703 161 752 rum,
181 703 251 759 quas
274 687 411 744 Romulus
431 690 570 744 racemum
583 691 614 742 et
640 687 675 744 L.
691 687 799 743 Brutus
818 687 962 744 namnam

86 782 212 860 geratione
225 787 466 858 adpellaverant;
485 785 634 842 exhaustis
648 784 748 850 etiam,
767 803 840 858 quas
859 787 964 844 Dicta·

90 889 135 942 tor
148 885 256 942 Caesar
279 887 343 958 legs
364 885 477 948 Cassia,
498 891 528 940 et
544 885 684 956 Princeps
713 886 863 958 Augustus
894 888 962 960 lege

91 983 199 1040 Saenia
213 986 373 1058 sublegere.
413 984 563 1056 Laetaque
586 983 662 1039 baec
683 982 714 1039 iu
729 982 764 1039 R.
791 983 826 1040 P.
848 985 961 1058 munia,

89 1085 180 1139 multo
193 1069 307 1156 gaudio'
326 1082 463 1140 Censorio
482 1082 640 1140 inibantur.
681 1081 823 1138 Famosos
847 1083 959 1155 probris

89 1199 213 1256 quonam
235 1183 320 1239 modo
343 1183 452 1238 Senatu
473 1183 643 1254 depelleret,
669 1179 783 1256 anxius,
811 1181 915 1239 mitem
928 1187 958 1240 et

90 1299 191 1338 recens
213 1289 364 1354 repertam,
385 1298 471 1354 quam
494 1298 532 1336 ex
558 1279 717 1336 severitate
739 1281 844 1354 prisca,
873 1281 957 1338 ratio·

90 1397 156 1438 nens
178 1381 320 1446 adhibuit,
339 1379 493 1445 monendo,
514 1384 632 1435 ‘secum
656 1378 774 1452 quisque
788 1381 826 1436 de
840 1397 872 1434 ae
887 1397 955 1436 con-

90 1479 239 1544 ‘sultareh
273 1483 440 1551 peteretque
463 1477 508 1534 ius
535 1477 663 1534 exuendi
689 1477 809 1534 ordinis.
833 1478 953 1534 lacilem

88 1575 173 1632 ‘eius
197 1575 240 1632 rei
265 1576 393 1634 veniam.
414 1581 444 1632 et
471 1584 563 1636 motos
592 1577 713 1643 Senatu,
738 1583 769 1632 et
802 1584 958 1634 excusatos

88 1675 196 1730 ‘simul
224 1674 458 1747 propositurum:
486 1681 517 1732 ut
550 1674 693 1732 iudicium
719 1674 893 1744 (tensorum,
919 1692 954 1732 ac

88 1779 97 1804 ⁶
112 1774 202 1846 pudor
215 1779 318 1847 sponte
331 1773 502 1831 cedentium
519 1773 666 1846 permixti,
680 1773 873 1847 ignominiam
886 1775 955 1830 mol-

89 1871 217 1929 ‘lirent’
258 1873 304 1930 Ob
316 1889 352 1928 ea
372 1873 534 1945 Vipstanus
556 1872 666 1929 Consul
683 1872 792 1938 retulit,
814 1873 956 1930 ‘Patrem

88 1973 234 2030 ‘Senatus
254 1973 459 2044 adpellandum
492 1989 556 2028 essa
577 1971 740 2028 Claudium.
762 1970 870 2044 quippe
891 1989 953 2046 pro·

89 2072 245 2129 ‘misenum
274 2069 372 2126 Patris
392 2069 509 2126 Prdm'm
533 2078 782 2144 cognomentum:
816 2087 897 2127 nova
922 2071 955 2128 in

88 2170 212 2244 ‘Rernp
234 2169 336 2227 merita
361 2187 419 2226 non
446 2167 560 2225 usitatis
589 2167 739 2226 vocabulis
765 2167 954 2226 honoranda?

91 2271 150 2327 Sed
169 2271 231 2343 ipse
252 2267 383 2325 cohibuit
410 2268 578 2334 Consulem,
598 2275 628 2323 ut
657 2267 778 2324 nimium
799 2268 956 2326 adsentan-

89 2375 157 2427 lem.
189 2367 375 2442 condiditque
405 2369 535 2442 lustrum,
560 2383 617 2440 quo
636 2382 725 2422 censa
748 2371 815 2422 aunt
842 2366 955 2425 civium

121 2544 144 2588 V
142 2543 298 2590 elrrslirsimum
307 2557 411 2602 quemque
420 2557 431 2588 e
440 2541 531 2602 Senatu]
565 2540 632 2586 Aliud
647 2539 742 2600 patricii,
753 2539 815 2585 aliud
826 2540 955 2588 Senatores.

89 2607 206 2651 Senatores
216 2603 280 2648 multi
296 2618 309 2646 e
319 2601 390 2662 plebe,
402 2609 426 2646 ut
436 2599 590 2661 septuenbibus
599 2601 672 2659 pueris
682 2606 765 2644 notum.
798 2599 909 2645 Claudius
917 2600 955 2658 igi

87 2669 131 2712 tur.
143 2676 170 2706 ne
178 2661 293 2719 exstingui,
301 2667 325 2705 et
336 2660 450 2706 intermori
459 2659 601 2720 patriciorum
612 2659 706 2704 laruiliaa
731 2663 839 2712 aleretur,
850 2660 957 2719 antiquis·

88 2723 166 2767 sirnrrm
186 2734 293 2781 quemque
303 2735 316 2764 e
326 2719 410 2780 plebeia
421 2717 562 2764 Senatoribus
579 2717 666 2762 rettulit
674 2718 695 2762 iu
713 2673 799 2762 iaces.
828 2716 892 2784 llice
902 2718 958 2763 anti-

87 2779 221 2840 quissimum,
232 2780 279 2824 rive
288 2780 370 2824 aetatis
385 2778 479 2834 ratione,
490 2792 528 2824 seu
546 2776 619 2836 potius
637 2776 749 2836 temporis,
768 2788 813 2836 quo
827 2790 851 2820 ru
870 2777 955 2823 Senatu

86 2839 135 2885 tuit.
168 2837 232 2883 Haec
242 2837 303 2881 clara
313 2837 387 2882 Taciti
398 2852 465 2882 mens.

116 2917 234 2963 Missurum
247 2914 363 2975 Gentium]
395 2915 504 2960 Romulus
515 2920 630 2960 creaverat
646 2914 754 2958 ducentos
772 2913 901 2968 Senatores,
917 2928 956 2961 reu

87 2985 169 3038 patrer.
190 2975 240 3020 Hae
257 2979 308 3019 runt
322 2973 431 3020 Familiae
441 2974 553 3030 versperam¹
567 2974 678 3030 gemtum.‘
715 2972 852 3031 Tarquinius
869 2973 957 3019 Priscus

87 3043 173 3082 centum
191 3046 277 3094 quoque
294 3033 315 3076 in
331 3037 407 3090 patres
423 3032 491 3088 legit3
520 3084 522 3089 ,
537 3032 546 3076 i
560 3033 640 3077 deinde
653 3031 767 3076 minorum
781 3031 887 3086 genlim
904 3036 958 3078 surrt

85 3093 195 3149 appellati.
213 3090 338 3136 Livias.
358 3089 493 3134 Videetiarn
532 3091 565 3134 iu:
584 3092 611 3136 ll.
632 3093 651 3136 l.
684 3089 822 3134 llaecltaud
838 3089 872 3135 ita
891 3105 956 3135 actu·

85 3157 134 3196 rate
144 3149 244 3194 distinxit
254 3146 345 3192 Tacitus
353 3146 382 3190 ob
390 3147 480 3192 nimium
491 3149 606 3194 brevitatis
616 3148 714 3194 studium
723 3165 729 3205 ;
746 3161 783 3192 seu
801 3149 884 3206 potius,
895 3149 956 3218 quod

103 3214 169 3259 atres,
179 3211 224 3251 tum
235 3220 248 3249 a
258 3203 388 3262 Tarquinio,
399 3211 446 3249 turn
456 3219 470 3249 a
479 3205 550 3250 Bruto
560 3207 620 3262 lecti,
632 3211 704 3252 essent
713 3205 828 3252 minorum
842 3213 954 3264 gentium.

108 3265 182 3310 rullcr.

113 3342 185 3386 Canac
202 3343 254 3386 sunl
271 3337 361 3396 citium]
403 3337 436 3381 Ut
454 3339 521 3396 vulgo
538 3339 652 3386 scribimus
669 3313 795 3396 calnaco.
837 3341 954 3392 Broterius

82 3397 183 3442 Florent.
200 3397 281 3442 codicis
292 3409 403 3441 numerum
418 3396 524 3452 sequitur.
535 3401 659 3452 §.tibilim
704 3401 764 3445 Vide
774 3401 899 3448 Excuraum
910 3407 958 3461 ejoa

80 3452 334 3560 ἕῖιὲεινῗιέιέηυινοᾳαι
342 3451 501 3512 Romanorum,
511 3455 540 3501 ad
555 3455 628 3505 Notas
638 3463 662 3504 et
672 3457 850 3508 Emendationes
868 3463 898 3512 ad
908 3467 957 3513 Aa·
