2134 3826
77 206 124 274 76
388 227 574 275 nunnurvnr
669 194 672 198 ⁵
799 227 947 276 s.v.res.
1057 193 1058 248 1

74 399 140 456 pars
160 381 317 456 congressi,
341 382 458 457 quidam
476 381 595 438 'eminus
615 381 794 454 proturbant.
847 379 949 438 Gario-

75 483 172 549 valrla,
188 483 237 540 diu
249 489 410 540 sustentata
423 483 549 538 hostium
563 480 698 547 saevitia,
713 481 843 562 hortatus
865 497 948 546 suos,

74 589 106 641 ut
127 583 296 654 ingruentes
320 589 455 639 catervas
469 583 556 654 globo
571 580 754 653 frangerenlr
775 585 863 652 atque
884 577 949 650 ipse
1057 599 1058 648 ff

73 682 105 738 in
125 681 312 738 densissimos
327 682 505 752 inrumpens,
526 679 675 752 congestis
689 677 766 756 telis,
780 683 811 734 et
823 676 947 734 suffosso
1057 741 1058 746 η

73 799 157 856 equo,
179 781 292 846 labitur,
316 797 352 836 ac
374 780 458 836 mulli
487 779 628 836 nobilium
650 778 744 836 circa:
767 783 884 834 celeres
902 776 948 832 vis

73 898 134 947 sua,
145 885 196 938 aut
209 880 331 954 equites,
340 896 407 938 cunr
423 877 565 936 Stertinio
578 877 763 950 Aemilioque
773 875 957 948 subuenien-¹

25 949 127 1045 12tes,
139 980 268 1052 periculo
281 996 425 1036 exemere.
447 978 565 1042 Caesar,
580 981 772 1050 transgressus
789 976 948 1049 Visurgim,

72 1079 183 1136 indicio
208 1078 342 1154 perlugse
369 1077 530 1151 cognoscit,
551 1077 719 1132 ‘delectum
743 1077 780 1131 ab
807 1075 945 1133 Arminio
1057 1051 1058 1090 ³

74 1181 187 1236 ‘locum
214 1195 351 1251 pugnae:
383 1175 560 1234 convenisse
588 1181 618 1232 el
646 1175 719 1232 olias
754 1174 890 1231 nationes
916 1177 947 1232 in
1057 1179 1058 1182 ’

73 1279 196 1336 ‘silvanr
208 1276 327 1334 Herculi
336 1293 457 1342 sacrum,
471 1293 645 1349 ausurosque
660 1282 830 1332 nocturnam
839 1280 947 1332 casiro-
1057 1279 1058 1282 ’

74 1385 154 1434 ‘rum
166 1374 431 1450 oppugnationem)
443 1376 542 1434 habile
552 1375 736 1444 indicilirles3
748 1380 777 1431 et
786 1376 946 1432 cerneban-

73 1483 118 1535 tur
138 1475 219 1550 ignes
234 1477 455 1551 :suggressique
471 1475 585 1550 propius
604 1477 811 1547 speculatores,
826 1471 943 1530 ‘audiri

72 1575 234 1632 ‘tremitum
248 1591 385 1649 equomm
402 1574 593 1650 immensique
608 1579 638 1630 et
659 1573 804 1636 inconditi
818 1571 944 1645 agminis
1057 1571 1058 1630 Ϊ

72 1672 234 1742 ‘murmur‚'
258 1675 390 1732 attulere.
433 1673 544 1760 gitur,
568 1673 729 1747 propinquo
750 1688 880 1730 summae
903 1671 946 1728 rei
1057 1739 1058 1748 χ

70 1773 250 1842 discrimine,
274 1775 468 1848 explorandos
491 1773 616 1830 militum
630 1772 743 1830 animos
767 1777 857 1842 ratus,
878 1787 946 1848 quo-

71 1889 139 1932 nnrn
148 1873 177 1930 irl
187 1874 273 1932 modo
284 1872 480 1946 incorruptum
489 1873 572 1940 torel,
582 1889 682 1929 secum
696 1871 826 1964 egimbert
836 1879 867 1928 εὐ
878 1871 947 1928 Tri·

72 1974 183 2030 ‘bunos
208 1977 238 2030 et
262 1971 448 2030 centuriones
463 1975 542 2030 laeta
556 1957 672 2044 saepius
686 1957 777 2046 quarn
795 1977 947 2044 comperta

71 2072 239 2142 ‘nuntiare3
255 2072 421 2166 libeplorum
435 2071 555 2129 servilia
569 2072 705 2146 ingeniar
720 2071 823 2128 amicis
845 2070 945 2128 inesse
1057 2129 1058 2142 χ

68 2177 76 2202 ‘
94 2171 293 2230 adulationem
306 2191 314 2242 ς
336 2171 361 2230 si
375 2171 482 2231 concio
504 2177 634 2238 vocetur,
648 2171 711 2229 illic
733 2188 855 2246 quoque,
869 2161 944 2245 qitire

69 2270 332 2346 ‘pauciincipionl‚
344 2271 467 2347 reliquos
476 2271 773 2344 adstreperepsuitus
782 2272 946 2328 noscendas
1057 2297 1058 2300 ¹

74 2376 215 2438 ‘meules,
228 2389 295 2429 cum
308 2371 415 2430 secreti
429 2376 460 2427 et
468 2369 647 2439 incustoditi,
662 2371 739 2428 inter
760 2370 893 2428 militaris
904 2369 947 2428 ci·
1057 2385 1058 2450 ἐ

21 2455 61 2516 13
71 2473 79 2501 ‘
90 2469 152 2533 bos,
163 2487 245 2542 spem
255 2475 305 2527 aut
314 2475 423 2528 metum
435 2467 613 2542 proterrent:
628 2469 726 2526 Nocte
734 2475 838 2542 coepta
850 2487 946 2544 egres·
1057 2463 1058 2512 ἶ

71 2585 120 2624 sus
134 2569 274 2641 augurali,
288 2586 339 2641 per
357 2570 474 2626 occulta
494 2568 678 2643 strigilibus
699 2569 809 2642 ignaru,
834 2567 946 2626 comite

68 2683 136 2733 uno,
149 2671 302 2724 contectus
330 2667 465 2724 humeros
486 2667 578 2724 lerina
593 2669 680 2740 pelle,
703 2668 763 2724 edil
783 2673 944 2725 castrorum
1057 2677 1058 2696 ¹

69 2765 144 2832 vias,
158 2765 273 2822 adsistit
282 2767 494 2831 tabernaculis,
509 2767 667 2841 fruiturque
690 2767 765 2826 lama
786 2766 851 2824 sui:
874 2785 943 2826 curn

66 2864 116 2921 hic
131 2863 334 2922 ‘nobilitatem
356 2865 449 2932 ducis,
463 2864 609 2924 decorem’
636 2865 720 2934 alius,
744 2867 860 2942 plurimi
877 2871 943 2939 ‘pa·

67 2963 237 3028 ‘lientisnn
256 2964 438 3030 comitalem,
461 2983 514 3038 per
541 2965 626 3032 seria,
651 2965 797 3040 periocos
821 2967 948 3025 cundem
1057 2967 1058 3030 Ξ

67 3059 233 3129 ‘animum'
255 3063 387 3120 laudibus
401 3064 518 3129 terrent,
545 3065 797 3139 ‘reddendumque
818 3065 943 3138 gratiam

67 3160 118 3218 ‘in
145 3159 228 3227 ucie,'
257 3161 434 3218 faterentur:
469 3163 564 3230 simul,
587 3163 730 3236 ‘perfidos
754 3168 785 3221 et
810 3171 942 3238 ruptores

96 3353 202 3416 Sorrina]
233 3355 248 3402 i.
260 3369 280 3401 e.
292 3355 442 3410 vehementia,
453 3354 551 3415 impetu:
568 3358 593 3401 ut
604 3356 625 3412 l,
636 3359 672 3404 67.
704 3355 767 3404 Era.

8 3473 9 3490 q
97 3431 196 3480 Herculi
213 3434 308 3494 sacram]
331 3439 334 3444 “
356 3433 434 3485 Qualis
450 3433 493 3480 iste
511 3433 627 3496 Hercules,
647 3435 787 3498 intelligetur
803 3452 816 3486 e
835 3437 895 3488 libro
913 3442 944 3493 de
1057 3409 1058 3438 ἕ

8 3493 9 3502 ’
67 3490 165 3539 moribus
174 3491 340 3541 Germanorum
349 3507 368 3540 e.
380 3496 402 3540 9.
414 3491 472 3542 Ern.
