<?xml version="1.0" encoding="UTF-8"?>
<!DOCTYPE html PUBLIC "-//W3C//DTD XHTML 1.0 Transitional//EN"
    "http://www.w3.org/TR/xhtml1/DTD/xhtml1-transitional.dtd">
<html xmlns="http://www.w3.org/1999/xhtml" xml:lang="en" lang="en">
 <head>
  <title>
</title>
<meta http-equiv="Content-Type" content="text/html;charset=utf-8" />
  <meta name='ocr-system' content='tesseract 3.04.00' />
  <meta name='ocr-capabilities' content='ocr_page ocr_carea ocr_par ocr_line ocrx_word'/>
</head>
<body>
  <div class='ocr_page' id='page_1' title='image "./operaexrecensio01tacigoog_0289.png"; bbox 0 0 2164 3846; ppageno 0'>
   <div class='ocr_carea' id='block_1_1' title="bbox 76 193 951 269">
    <p class='ocr_par' dir='ltr' id='par_1_1' title="bbox 76 193 951 269">
     <span class='ocr_line' id='line_1_1' title="bbox 76 193 951 269; baseline 0.006 -5"><span class='ocrx_word' id='word_1_1' title='bbox 76 193 150 264; x_wconf 75' lang='lat'><strong>248</strong></span> <span class='ocrx_word' id='word_1_2' title='bbox 259 263 261 268; x_wconf 76' lang='grc'>,</span> <span class='ocrx_word' id='word_1_3' title='bbox 422 209 606 265; x_wconf 73' lang='lat' dir='ltr'><strong>aramum</strong></span> <span class='ocrx_word' id='word_1_4' title='bbox 717 204 723 213; x_wconf 85' lang='lat'>&#39;</span> <span class='ocrx_word' id='word_1_5' title='bbox 803 219 951 269; x_wconf 70' lang='lat' dir='ltr'><strong>aaran</strong></span> 
     </span>
    </p>
   </div>
   <div class='ocr_carea' id='block_1_2' title="bbox 29 367 1065 1337">
    <p class='ocr_par' dir='ltr' id='par_1_2' title="bbox 29 367 1065 1337">
     <span class='ocr_line' id='line_1_2' title="bbox 76 367 951 444; baseline 0 -14"><span class='ocrx_word' id='word_1_6' title='bbox 76 375 155 430; x_wconf 76' lang='lat' dir='ltr'><strong>tnou</strong></span> <span class='ocrx_word' id='word_1_7' title='bbox 167 367 465 444; x_wconf 85' lang='lat' dir='ltr'><strong>publlcaauatoritate</strong></span> <span class='ocrx_word' id='word_1_8' title='bbox 476 367 612 444; x_wconf 88' lang='lat' dir='ltr'><strong>populum</strong></span> <span class='ocrx_word' id='word_1_9' title='bbox 620 370 821 430; x_wconf 70' lang='lat' dir='ltr'><strong>coercuissent</strong></span> <span class='ocrx_word' id='word_1_10' title='bbox 830 370 847 428; x_wconf 71' lang='grc' dir='ltr'><strong>τ’</strong></span> <span class='ocrx_word' id='word_1_11' title='bbox 866 372 951 432; x_wconf 88' lang='lat' dir='ltr'><strong>addi·</strong></span> 
     </span>
     <span class='ocr_line' id='line_1_3' title="bbox 76 461 949 548; baseline -0.002 -16"><span class='ocrx_word' id='word_1_12' title='bbox 76 469 187 546; x_wconf 65' lang='lat' dir='ltr'><strong>(litque,</strong></span> <span class='ocrx_word' id='word_1_13' title='bbox 196 475 205 503; x_wconf 76' lang='grc' dir='ltr'><strong>ι</strong></span> <span class='ocrx_word' id='word_1_14' title='bbox 214 469 316 546; x_wconf 79' lang='lat' dir='ltr'><strong>qulbna</strong></span> <span class='ocrx_word' id='word_1_15' title='bbox 329 485 347 532; x_wconf 83' lang='lat' dir='ltr'><strong>a</strong></span> <span class='ocrx_word' id='word_1_16' title='bbox 361 469 531 542; x_wconf 82' lang='lat' dir='ltr'><strong>pmrinclia,</strong></span> <span class='ocrx_word' id='word_1_17' title='bbox 544 475 694 546; x_wconf 79' lang='lat' dir='ltr'><strong>alquanto</strong></span> <span class='ocrx_word' id='word_1_18' title='bbox 703 461 949 548; x_wconf 80' lang='lat' dir='ltr'><strong>maiorem,quam</strong></span> 
     </span>
     <span class='ocr_line' id='line_1_4' title="bbox 77 567 949 644; baseline 0.003 -16"><span class='ocrx_word' id='word_1_19' title='bbox 77 569 257 644; x_wconf 63' lang='lat' dir='ltr'><strong>‘Augustus</strong></span> <span class='ocrx_word' id='word_1_20' title='bbox 270 568 312 626; x_wconf 87' lang='lat' dir='ltr'><strong>rel</strong></span> <span class='ocrx_word' id='word_1_21' title='bbox 326 567 530 627; x_wconf 83' lang='lat' dir='ltr'><strong>lmmeatarlae</strong></span> <span class='ocrx_word' id='word_1_22' title='bbox 543 569 658 644; x_wconf 87' lang='lat' dir='ltr'><strong>copiam</strong></span> <span class='ocrx_word' id='word_1_23' title='bbox 671 569 862 629; x_wconf 73' lang='lat' dir='ltr'><strong>adventaret.²</strong></span> <span class='ocrx_word' id='word_1_24' title='bbox 899 573 949 631; x_wconf 87' lang='lat' dir='ltr'><strong>lla</strong></span> 
     </span>
     <span class='ocr_line' id='line_1_5' title="bbox 76 667 949 745; baseline 0.002 -18"><span class='ocrx_word' id='word_1_25' title='bbox 76 667 266 744; x_wconf 76' lang='lat' dir='ltr'><strong>castigandae</strong></span> <span class='ocrx_word' id='word_1_26' title='bbox 277 667 354 742; x_wconf 62' lang='lat' dir='ltr'><strong>plebi</strong></span> <span class='ocrx_word' id='word_1_27' title='bbox 367 669 557 742; x_wconf 67' lang='lat' dir='ltr'><strong>nompositum</strong></span> <span class='ocrx_word' id='word_1_28' title='bbox 569 669 869 738; x_wconf 69' lang='lat' dir='ltr'><strong>senatusconsultum,</strong></span> <span class='ocrx_word' id='word_1_29' title='bbox 878 671 949 745; x_wconf 83' lang='lat' dir='ltr'><strong>pria·</strong></span> 
     </span>
     <span class='ocr_line' id='line_1_6' title="bbox 78 771 953 847; baseline 0 -16"><span class='ocrx_word' id='word_1_30' title='bbox 78 789 115 831; x_wconf 86' lang='lat' dir='ltr'><strong>ea</strong></span> <span class='ocrx_word' id='word_1_31' title='bbox 142 771 317 830; x_wconf 84' lang='lat' dir='ltr'><strong>severitate:</strong></span> <span class='ocrx_word' id='word_1_32' title='bbox 338 787 433 847; x_wconf 88' lang='lat' dir='ltr'><strong>neque</strong></span> <span class='ocrx_word' id='word_1_33' title='bbox 452 771 570 847; x_wconf 82' lang='lat' dir='ltr'><strong>segnim</strong></span> <span class='ocrx_word' id='word_1_34' title='bbox 590 771 734 831; x_wconf 77' lang='lat' dir='ltr'><strong>consules</strong></span> <span class='ocrx_word' id='word_1_35' title='bbox 755 771 893 831; x_wconf 62' lang='lat' dir='ltr'><strong>edincrm</strong></span> <span class='ocrx_word' id='word_1_36' title='bbox 913 773 953 831; x_wconf 90' lang='lat' dir='ltr'><strong>si·</strong></span> 
     </span>
     <span class='ocr_line' id='line_1_7' title="bbox 77 869 951 946; baseline 0.001 -17"><span class='ocrx_word' id='word_1_37' title='bbox 77 871 202 930; x_wconf 89' lang='lat' dir='ltr'><strong>lentium</strong></span> <span class='ocrx_word' id='word_1_38' title='bbox 216 869 305 944; x_wconf 83' lang='lat' dir='ltr'><strong>lpalus</strong></span> <span class='ocrx_word' id='word_1_39' title='bbox 319 870 492 938; x_wconf 73' lang='lat' dir='ltr'><strong>concinite,</strong></span> <span class='ocrx_word' id='word_1_40' title='bbox 506 875 537 928; x_wconf 86' lang='lat' dir='ltr'><strong>ut</strong></span> <span class='ocrx_word' id='word_1_41' title='bbox 551 870 723 940; x_wconf 85' lang='lat' dir='ltr'><strong>crediderat,</strong></span> <span class='ocrx_word' id='word_1_42' title='bbox 741 873 795 930; x_wconf 85' lang='lat' dir='ltr'><strong>sed</strong></span> <span class='ocrx_word' id='word_1_43' title='bbox 807 872 839 930; x_wconf 93' lang='lat' dir='ltr'><strong>in</strong></span> <span class='ocrx_word' id='word_1_44' title='bbox 853 889 951 946; x_wconf 83' lang='lat' dir='ltr'><strong>auper-</strong></span> 
     </span>
     <span class='ocr_line' id='line_1_8' title="bbox 29 959 1065 1044; baseline 0.002 -18"><span class='ocrx_word' id='word_1_45' title='bbox 29 959 158 1028; x_wconf 73' lang='lat' dir='ltr'><strong>ltbian</strong></span> <span class='ocrx_word' id='word_1_46' title='bbox 180 969 387 1044; x_wconf 85' lang='lat' dir='ltr'><strong>accipiebatur.</strong></span> <span class='ocrx_word' id='word_1_47' title='bbox 436 969 513 1028; x_wconf 72' lang='lat' dir='ltr'><strong>aiae</strong></span> <span class='ocrx_word' id='word_1_48' title='bbox 543 969 612 1028; x_wconf 91' lang='lat' dir='ltr'><strong>anui</strong></span> <span class='ocrx_word' id='word_1_49' title='bbox 642 969 807 1040; x_wconf 80' lang='lat' dir='ltr'><strong>Geminius,</strong></span> <span class='ocrx_word' id='word_1_50' title='bbox 835 971 949 1040; x_wconf 80' lang='lat' dir='ltr'><strong>Celsus,</strong></span> <span class='ocrx_word' id='word_1_51' title='bbox 1064 1017 1065 1020; x_wconf 63' lang='lat'><strong>,</strong></span> 
     </span>
     <span class='ocr_line' id='line_1_9' title="bbox 79 1067 949 1145; baseline -0.001 -16"><span class='ocrx_word' id='word_1_52' title='bbox 79 1069 246 1144; x_wconf 79' lang='lat' dir='ltr'><strong>Pompeius,</strong></span> <span class='ocrx_word' id='word_1_53' title='bbox 271 1069 393 1145; x_wconf 81' lang='lat' dir='ltr'><strong>Equites</strong></span> <span class='ocrx_word' id='word_1_54' title='bbox 418 1068 553 1137; x_wconf 82' lang='lat' dir='ltr'><strong>Romani,</strong></span> <span class='ocrx_word' id='word_1_55' title='bbox 579 1067 714 1127; x_wconf 87' lang='lat' dir='ltr'><strong>cecidere</strong></span> <span class='ocrx_word' id='word_1_56' title='bbox 737 1067 949 1128; x_wconf 84' lang='lat' dir='ltr'><strong>coniurationia</strong></span> 
     </span>
     <span class='ocr_line' id='line_1_10' title="bbox 79 1167 948 1244; baseline 0 -17"><span class='ocrx_word' id='word_1_57' title='bbox 79 1169 212 1228; x_wconf 87' lang='lat' dir='ltr'><strong>crimine.</strong></span> <span class='ocrx_word' id='word_1_58' title='bbox 265 1169 313 1226; x_wconf 83' lang='lat' dir='ltr'><strong>Ex</strong></span> <span class='ocrx_word' id='word_1_59' title='bbox 334 1167 397 1244; x_wconf 87' lang='lat' dir='ltr'><strong>quis</strong></span> <span class='ocrx_word' id='word_1_60' title='bbox 417 1167 571 1226; x_wconf 72' lang='lat' dir='ltr'><strong>Geminius</strong></span> <span class='ocrx_word' id='word_1_61' title='bbox 594 1167 780 1242; x_wconf 66' lang='lat' dir='ltr'><strong>prodigentia</strong></span> <span class='ocrx_word' id='word_1_62' title='bbox 802 1185 890 1242; x_wconf 88' lang='lat' dir='ltr'><strong>opum</strong></span> <span class='ocrx_word' id='word_1_63' title='bbox 912 1181 948 1227; x_wconf 87' lang='lat' dir='ltr'><strong>ac</strong></span> 
     </span>
     <span class='ocr_line' id='line_1_11' title="bbox 79 1266 950 1337; baseline -0.001 -10"><span class='ocrx_word' id='word_1_64' title='bbox 79 1269 205 1327; x_wconf 86' lang='lat' dir='ltr'><strong>mollitia</strong></span> <span class='ocrx_word' id='word_1_65' title='bbox 227 1267 308 1326; x_wconf 89' lang='lat' dir='ltr'><strong>ritae</strong></span> <span class='ocrx_word' id='word_1_66' title='bbox 322 1267 432 1326; x_wconf 81' lang='lat' dir='ltr'><strong>amicus</strong></span> <span class='ocrx_word' id='word_1_67' title='bbox 457 1267 583 1337; x_wconf 66' lang='lat' dir='ltr'><strong>Saluum</strong></span> <span class='ocrx_word' id='word_1_68' title='bbox 604 1266 679 1324; x_wconf 89' lang='lat' dir='ltr'><strong>nibil</strong></span> <span class='ocrx_word' id='word_1_69' title='bbox 700 1268 738 1324; x_wconf 89' lang='lat' dir='ltr'><strong>ad</strong></span> <span class='ocrx_word' id='word_1_70' title='bbox 751 1267 868 1326; x_wconf 87' lang='lat' dir='ltr'><strong>aerium.</strong></span> <span class='ocrx_word' id='word_1_71' title='bbox 909 1269 950 1326; x_wconf 79' lang='lat' dir='ltr'><strong>at</strong></span> 
     </span>
    </p>
   </div>
   <div class='ocr_carea' id='block_1_3' title="bbox 78 1365 1065 1936">
    <p class='ocr_par' dir='ltr' id='par_1_3' title="bbox 78 1365 1065 1936">
     <span class='ocr_line' id='line_1_12' title="bbox 79 1365 950 1434; baseline 0 -10"><span class='ocrx_word' id='word_1_72' title='bbox 79 1367 171 1424; x_wconf 84' lang='lat' dir='ltr'><strong>lulius</strong></span> <span class='ocrx_word' id='word_1_73' title='bbox 186 1365 299 1432; x_wconf 76' lang='lat' dir='ltr'><strong>Celsus,</strong></span> <span class='ocrx_word' id='word_1_74' title='bbox 311 1367 471 1434; x_wconf 76' lang='lat' dir='ltr'><strong>Tribunus,</strong></span> <span class='ocrx_word' id='word_1_75' title='bbox 484 1365 515 1424; x_wconf 91' lang='lat' dir='ltr'><strong>in</strong></span> <span class='ocrx_word' id='word_1_76' title='bbox 536 1365 646 1424; x_wconf 89' lang='lat' dir='ltr'><strong>vinclis</strong></span> <span class='ocrx_word' id='word_1_77' title='bbox 658 1367 788 1423; x_wconf 82' lang='lat' dir='ltr'><strong>laxatam</strong></span> <span class='ocrx_word' id='word_1_78' title='bbox 811 1372 950 1424; x_wconf 88' lang='lat' dir='ltr'><strong>catenam</strong></span> 
     </span>
     <span class='ocr_line' id='line_1_13' title="bbox 79 1464 949 1539; baseline 0.001 -17"><span class='ocrx_word' id='word_1_79' title='bbox 79 1469 110 1522; x_wconf 88' lang='lat' dir='ltr'><strong>et</strong></span> <span class='ocrx_word' id='word_1_80' title='bbox 129 1465 338 1523; x_wconf 87' lang='lat' dir='ltr'><strong>circumdatam</strong></span> <span class='ocrx_word' id='word_1_81' title='bbox 352 1464 383 1522; x_wconf 91' lang='lat' dir='ltr'><strong>iu</strong></span> <span class='ocrx_word' id='word_1_82' title='bbox 403 1465 552 1522; x_wconf 87' lang='lat' dir='ltr'><strong>diversum</strong></span> <span class='ocrx_word' id='word_1_83' title='bbox 565 1465 699 1533; x_wconf 86' lang='lat' dir='ltr'><strong>tendens,</strong></span> <span class='ocrx_word' id='word_1_84' title='bbox 712 1482 795 1522; x_wconf 87' lang='lat' dir='ltr'><strong>auam</strong></span> <span class='ocrx_word' id='word_1_85' title='bbox 811 1465 873 1539; x_wconf 84' lang='lat' dir='ltr'><strong>ipsc</strong></span> <span class='ocrx_word' id='word_1_86' title='bbox 886 1483 949 1524; x_wconf 88' lang='lat' dir='ltr'><strong>cer·</strong></span> 
     </span>
     <span class='ocr_line' id='line_1_14' title="bbox 79 1562 949 1638; baseline -0.002 -16"><span class='ocrx_word' id='word_1_87' title='bbox 79 1563 179 1622; x_wconf 81' lang='lat' dir='ltr'><strong>vicem</strong></span> <span class='ocrx_word' id='word_1_88' title='bbox 201 1562 346 1638; x_wconf 77' lang='lat' dir='ltr'><strong>perfregit.</strong></span> <span class='ocrx_word' id='word_1_89' title='bbox 388 1564 431 1622; x_wconf 82' lang='lat' dir='ltr'><strong>At</strong></span> <span class='ocrx_word' id='word_1_90' title='bbox 455 1564 566 1622; x_wconf 82' lang='lat' dir='ltr'><strong>Rubrio</strong></span> <span class='ocrx_word' id='word_1_91' title='bbox 587 1563 710 1630; x_wconf 83' lang='lat' dir='ltr'><strong>Fabato,</strong></span> <span class='ocrx_word' id='word_1_92' title='bbox 724 1568 880 1638; x_wconf 88' lang='lat' dir='ltr'><strong>tamquam,</strong></span> <span class='ocrx_word' id='word_1_93' title='bbox 900 1565 949 1622; x_wconf 85' lang='lat' dir='ltr'><strong>da·</strong></span> 
     </span>
     <span class='ocr_line' id='line_1_15' title="bbox 79 1639 1065 1738; baseline -0.001 -17"><span class='ocrx_word' id='word_1_94' title='bbox 79 1663 200 1738; x_wconf 81' lang='lat' dir='ltr'><strong>speratis</strong></span> <span class='ocrx_word' id='word_1_95' title='bbox 214 1663 297 1718; x_wconf 87' lang='lat' dir='ltr'><strong>rebus</strong></span> <span class='ocrx_word' id='word_1_96' title='bbox 313 1661 462 1729; x_wconf 82' lang='lat' dir='ltr'><strong>Romania,</strong></span> <span class='ocrx_word' id='word_1_97' title='bbox 477 1663 648 1721; x_wconf 83' lang='lat' dir='ltr'><strong>Parthorum</strong></span> <span class='ocrx_word' id='word_1_98' title='bbox 668 1664 705 1720; x_wconf 92' lang='lat' dir='ltr'><strong>ad</strong></span> <span class='ocrx_word' id='word_1_99' title='bbox 720 1662 949 1721; x_wconf 84' lang='lat' dir='ltr'><strong>miscricordiam</strong></span> <span class='ocrx_word' id='word_1_100' title='bbox 1064 1639 1065 1692; x_wconf 54' lang='lat'>3</span> 
     </span>
     <span class='ocr_line' id='line_1_16' title="bbox 78 1757 949 1836; baseline -0.001 -17"><span class='ocrx_word' id='word_1_101' title='bbox 78 1757 199 1836; x_wconf 79' lang='lat' dir='ltr'><strong>lugeret,</strong></span> <span class='ocrx_word' id='word_1_102' title='bbox 223 1761 359 1819; x_wconf 84' lang='lat' dir='ltr'><strong>custodes</strong></span> <span class='ocrx_word' id='word_1_103' title='bbox 380 1759 480 1819; x_wconf 88' lang='lat' dir='ltr'><strong>additi.</strong></span> <span class='ocrx_word' id='word_1_104' title='bbox 499 1779 570 1819; x_wconf 84' lang='lat' dir='ltr'><strong>sanc</strong></span> <span class='ocrx_word' id='word_1_105' title='bbox 589 1762 614 1819; x_wconf 86' lang='lat' dir='ltr'><strong>la</strong></span> <span class='ocrx_word' id='word_1_106' title='bbox 636 1767 765 1836; x_wconf 83' lang='lat' dir='ltr'><strong>repertus</strong></span> <span class='ocrx_word' id='word_1_107' title='bbox 787 1761 865 1835; x_wconf 90' lang='lat' dir='ltr'><strong>apud</strong></span> <span class='ocrx_word' id='word_1_108' title='bbox 880 1761 949 1819; x_wconf 86' lang='lat' dir='ltr'><strong>Fre·</strong></span> 
     </span>
     <span class='ocr_line' id='line_1_17' title="bbox 80 1850 951 1936; baseline -0.003 -17"><span class='ocrx_word' id='word_1_109' title='bbox 80 1866 142 1919; x_wconf 81' lang='lat' dir='ltr'><strong>tuna</strong></span> <span class='ocrx_word' id='word_1_110' title='bbox 168 1859 290 1919; x_wconf 85' lang='lat' dir='ltr'><strong>Siciliae</strong></span> <span class='ocrx_word' id='word_1_111' title='bbox 315 1865 510 1936; x_wconf 75' lang='lat' dir='ltr'><strong>retractusque</strong></span> <span class='ocrx_word' id='word_1_112' title='bbox 532 1879 584 1935; x_wconf 87' lang='lat' dir='ltr'><strong>per</strong></span> <span class='ocrx_word' id='word_1_113' title='bbox 610 1850 829 1926; x_wconf 71' lang='lat' dir='ltr'><strong>centurionem,</strong></span> <span class='ocrx_word' id='word_1_114' title='bbox 855 1861 951 1917; x_wconf 86' lang='lat' dir='ltr'><strong>nullas</strong></span> 
     </span>
    </p>
   </div>
   <div class='ocr_carea' id='block_1_4' title="bbox 33 1957 1065 3225">
    <p class='ocr_par' dir='ltr' id='par_1_4' title="bbox 81 1957 953 2221">
     <span class='ocr_line' id='line_1_18' title="bbox 81 1957 953 2036; baseline -0.001 -19"><span class='ocrx_word' id='word_1_115' title='bbox 81 1959 246 2036; x_wconf 87' lang='lat' dir='ltr'><strong>probabiles</strong></span> <span class='ocrx_word' id='word_1_116' title='bbox 258 1977 376 2018; x_wconf 83' lang='lat' dir='ltr'><strong>causans</strong></span> <span class='ocrx_word' id='word_1_117' title='bbox 400 1959 576 2035; x_wconf 81' lang='lat' dir='ltr'><strong>longinquae</strong></span> <span class='ocrx_word' id='word_1_118' title='bbox 587 1957 828 2034; x_wconf 81' lang='lat' dir='ltr'><strong>peregrinationis</strong></span> <span class='ocrx_word' id='word_1_119' title='bbox 842 1959 953 2016; x_wconf 81' lang='lat' dir='ltr'><strong>adtere-</strong></span> 
     </span>
     <span class='ocr_line' id='line_1_19' title="bbox 81 2058 950 2136; baseline -0.001 -17"><span class='ocrx_word' id='word_1_120' title='bbox 81 2061 142 2119; x_wconf 88' lang='lat' dir='ltr'><strong>bat.</strong></span> <span class='ocrx_word' id='word_1_121' title='bbox 166 2061 273 2118; x_wconf 84' lang='lat' dir='ltr'><strong>mansit</strong></span> <span class='ocrx_word' id='word_1_122' title='bbox 297 2065 394 2118; x_wconf 84' lang='lat' dir='ltr'><strong>tamen</strong></span> <span class='ocrx_word' id='word_1_123' title='bbox 407 2059 570 2128; x_wconf 88' lang='lat' dir='ltr'><strong>incolumia,</strong></span> <span class='ocrx_word' id='word_1_124' title='bbox 583 2058 734 2118; x_wconf 82' lang='lat' dir='ltr'><strong>oblivione</strong></span> <span class='ocrx_word' id='word_1_125' title='bbox 747 2058 852 2134; x_wconf 86' lang='lat' dir='ltr'><strong>magis,</strong></span> <span class='ocrx_word' id='word_1_126' title='bbox 865 2059 950 2136; x_wconf 88' lang='lat' dir='ltr'><strong>quam</strong></span> 
     </span>
     <span class='ocr_line' id='line_1_20' title="bbox 81 2161 251 2221; baseline -0.012 0"><span class='ocrx_word' id='word_1_127' title='bbox 81 2161 251 2221; x_wconf 85' lang='lat' dir='ltr'><strong>clementia.</strong></span> 
     </span>
    </p>

    <p class='ocr_par' dir='ltr' id='par_1_5' title="bbox 33 2255 1065 3225">
     <span class='ocr_line' id='line_1_21' title="bbox 33 2255 1065 2338; baseline -0.006 -17"><span class='ocrx_word' id='word_1_128' title='bbox 33 2255 72 2313; x_wconf 82' lang='lat'><strong>15</strong></span> <span class='ocrx_word' id='word_1_129' title='bbox 124 2261 230 2321; x_wconf 84' lang='lat' dir='ltr'><strong>Servio</strong></span> <span class='ocrx_word' id='word_1_130' title='bbox 251 2261 356 2327; x_wconf 77' lang='lat' dir='ltr'><strong>Galba,</strong></span> <span class='ocrx_word' id='word_1_131' title='bbox 382 2257 418 2318; x_wconf 82' lang='lat' dir='ltr'><strong>L.</strong></span> <span class='ocrx_word' id='word_1_132' title='bbox 444 2259 525 2317; x_wconf 86' lang='lat' dir='ltr'><strong>Sulla</strong></span> <span class='ocrx_word' id='word_1_133' title='bbox 536 2275 617 2317; x_wconf 85' lang='lat' dir='ltr'><strong>cosa.</strong></span> <span class='ocrx_word' id='word_1_134' title='bbox 641 2258 691 2318; x_wconf 88' lang='lat' dir='ltr'><strong>diu</strong></span> <span class='ocrx_word' id='word_1_135' title='bbox 712 2255 854 2335; x_wconf 88' lang='lat' dir='ltr'><strong>quaesito,</strong></span> <span class='ocrx_word' id='word_1_136' title='bbox 881 2275 952 2334; x_wconf 88' lang='lat' dir='ltr'><strong>qnos</strong></span> <span class='ocrx_word' id='word_1_137' title='bbox 1064 2325 1065 2338; x_wconf 12' lang='grc' dir='ltr'>χ</span> 
     </span>
     <span class='ocr_line' id='line_1_22' title="bbox 81 2357 1065 2436; baseline -0.006 -16"><span class='ocrx_word' id='word_1_138' title='bbox 81 2362 219 2436; x_wconf 85' lang='lat' dir='ltr'><strong>neptibus</strong></span> <span class='ocrx_word' id='word_1_139' title='bbox 235 2361 294 2419; x_wconf 86' lang='lat' dir='ltr'><strong>suis</strong></span> <span class='ocrx_word' id='word_1_140' title='bbox 309 2361 426 2418; x_wconf 88' lang='lat' dir='ltr'><strong>maritos</strong></span> <span class='ocrx_word' id='word_1_141' title='bbox 446 2359 606 2417; x_wconf 88' lang='lat' dir='ltr'><strong>destinaret</strong></span> <span class='ocrx_word' id='word_1_142' title='bbox 618 2359 735 2426; x_wconf 80' lang='lat' dir='ltr'><strong>Caesar,</strong></span> <span class='ocrx_word' id='word_1_143' title='bbox 746 2363 899 2433; x_wconf 84' lang='lat' dir='ltr'><strong>postquam</strong></span> <span class='ocrx_word' id='word_1_144' title='bbox 910 2357 952 2415; x_wconf 91' lang='lat' dir='ltr'><strong>in·</strong></span> <span class='ocrx_word' id='word_1_145' title='bbox 1064 2389 1065 2404; x_wconf 68' lang='lat'><strong>,</strong></span> 
     </span>
     <span class='ocr_line' id='line_1_23' title="bbox 84 2454 953 2534; baseline -0.005 -16"><span class='ocrx_word' id='word_1_146' title='bbox 84 2463 179 2518; x_wconf 84' lang='lat' dir='ltr'><strong>stabat</strong></span> <span class='ocrx_word' id='word_1_147' title='bbox 201 2461 345 2534; x_wconf 86' lang='lat' dir='ltr'><strong>virginum</strong></span> <span class='ocrx_word' id='word_1_148' title='bbox 360 2466 450 2525; x_wconf 84' lang='lat' dir='ltr'><strong>actas,</strong></span> <span class='ocrx_word' id='word_1_149' title='bbox 464 2459 499 2517; x_wconf 82' lang='lat' dir='ltr'><strong>l..</strong></span> <span class='ocrx_word' id='word_1_150' title='bbox 516 2457 659 2525; x_wconf 85' lang='lat' dir='ltr'><strong>Cassium,</strong></span> <span class='ocrx_word' id='word_1_151' title='bbox 674 2455 716 2515; x_wconf 81' lang='lat' dir='ltr'><strong>lt.</strong></span> <span class='ocrx_word' id='word_1_152' title='bbox 737 2454 893 2515; x_wconf 88' lang='lat' dir='ltr'><strong>Vinicium</strong></span> <span class='ocrx_word' id='word_1_153' title='bbox 914 2459 953 2514; x_wconf 85' lang='lat' dir='ltr'><strong>le·</strong></span> 
     </span>
     <span class='ocr_line' id='line_1_24' title="bbox 84 2557 952 2636; baseline -0.002 -20"><span class='ocrx_word' id='word_1_154' title='bbox 84 2561 136 2636; x_wconf 86' lang='lat' dir='ltr'><strong>git.</strong></span> <span class='ocrx_word' id='word_1_155' title='bbox 157 2559 281 2618; x_wconf 86' lang='lat' dir='ltr'><strong>Vinicio</strong></span> <span class='ocrx_word' id='word_1_156' title='bbox 293 2560 468 2633; x_wconf 86' lang='lat' dir='ltr'><strong>oppidanum</strong></span> <span class='ocrx_word' id='word_1_157' title='bbox 487 2575 593 2632; x_wconf 83' lang='lat' dir='ltr'><strong>genus:</strong></span> <span class='ocrx_word' id='word_1_158' title='bbox 616 2557 736 2615; x_wconf 81' lang='lat' dir='ltr'><strong>Calibus</strong></span> <span class='ocrx_word' id='word_1_159' title='bbox 755 2561 845 2624; x_wconf 76' lang='lat' dir='ltr'><strong>onus,</strong></span> <span class='ocrx_word' id='word_1_160' title='bbox 871 2559 952 2630; x_wconf 83' lang='lat' dir='ltr'><strong>patre</strong></span> 
     </span>
     <span class='ocr_line' id='line_1_25' title="bbox 84 2655 953 2732; baseline -0.005 -17"><span class='ocrx_word' id='word_1_161' title='bbox 84 2664 171 2732; x_wconf 87' lang='lat' dir='ltr'><strong>atque</strong></span> <span class='ocrx_word' id='word_1_162' title='bbox 185 2677 243 2715; x_wconf 91' lang='lat' dir='ltr'><strong>avo</strong></span> <span class='ocrx_word' id='word_1_163' title='bbox 257 2659 474 2724; x_wconf 79' lang='lat' dir='ltr'><strong>consularibus,</strong></span> <span class='ocrx_word' id='word_1_164' title='bbox 488 2661 586 2714; x_wconf 89' lang='lat' dir='ltr'><strong>cetera</strong></span> <span class='ocrx_word' id='word_1_165' title='bbox 599 2656 734 2731; x_wconf 83' lang='lat' dir='ltr'><strong>Equestri</strong></span> <span class='ocrx_word' id='word_1_166' title='bbox 748 2655 861 2714; x_wconf 78' lang='lat' dir='ltr'><strong>familia</strong></span> <span class='ocrx_word' id='word_1_167' title='bbox 875 2659 953 2712; x_wconf 87' lang='lat' dir='ltr'><strong>crat:</strong></span> 
     </span>
     <span class='ocr_line' id='line_1_26' title="bbox 84 2751 1065 2832; baseline -0.005 -18"><span class='ocrx_word' id='word_1_168' title='bbox 84 2756 164 2814; x_wconf 83' lang='lat' dir='ltr'><strong>mitis</strong></span> <span class='ocrx_word' id='word_1_169' title='bbox 178 2757 298 2830; x_wconf 89' lang='lat' dir='ltr'><strong>ingenio</strong></span> <span class='ocrx_word' id='word_1_170' title='bbox 311 2763 341 2814; x_wconf 86' lang='lat' dir='ltr'><strong>et</strong></span> <span class='ocrx_word' id='word_1_171' title='bbox 356 2761 494 2832; x_wconf 85' lang='lat' dir='ltr'><strong>comptae</strong></span> <span class='ocrx_word' id='word_1_172' title='bbox 509 2755 671 2814; x_wconf 81' lang='lat' dir='ltr'><strong>facundiae.</strong></span> <span class='ocrx_word' id='word_1_173' title='bbox 712 2754 831 2813; x_wconf 81' lang='lat' dir='ltr'><strong>Cassius</strong></span> <span class='ocrx_word' id='word_1_174' title='bbox 856 2751 953 2828; x_wconf 85' lang='lat' dir='ltr'><strong>plebei</strong></span> <span class='ocrx_word' id='word_1_175' title='bbox 1064 2751 1065 2764; x_wconf 60' lang='lat'>¹</span> 
     </span>
     <span class='ocr_line' id='line_1_27' title="bbox 84 2854 1065 2929; baseline -0.004 -16"><span class='ocrx_word' id='word_1_176' title='bbox 84 2855 197 2916; x_wconf 83' lang='lat' dir='ltr'><strong>Romae</strong></span> <span class='ocrx_word' id='word_1_177' title='bbox 218 2857 343 2928; x_wconf 85' lang='lat' dir='ltr'><strong>generis,</strong></span> <span class='ocrx_word' id='word_1_178' title='bbox 369 2874 469 2914; x_wconf 88' lang='lat' dir='ltr'><strong>verum</strong></span> <span class='ocrx_word' id='word_1_179' title='bbox 496 2854 608 2929; x_wconf 87' lang='lat' dir='ltr'><strong>antiqui</strong></span> <span class='ocrx_word' id='word_1_180' title='bbox 635 2854 836 2927; x_wconf 87' lang='lat' dir='ltr'><strong>honoratique,</strong></span> <span class='ocrx_word' id='word_1_181' title='bbox 860 2859 891 2910; x_wconf 86' lang='lat' dir='ltr'><strong>et</strong></span> <span class='ocrx_word' id='word_1_182' title='bbox 911 2871 954 2909; x_wconf 87' lang='lat' dir='ltr'><strong>se·</strong></span> <span class='ocrx_word' id='word_1_183' title='bbox 1064 2867 1065 2882; x_wconf 60' lang='lat'><em>*</em></span> 
     </span>
     <span class='ocr_line' id='line_1_28' title="bbox 85 2951 1065 3028; baseline -0.002 -16"><span class='ocrx_word' id='word_1_184' title='bbox 85 2971 155 3012; x_wconf 79' lang='lat' dir='ltr'><strong>uera</strong></span> <span class='ocrx_word' id='word_1_185' title='bbox 164 2953 253 3028; x_wconf 88' lang='lat' dir='ltr'><strong>patris</strong></span> <span class='ocrx_word' id='word_1_186' title='bbox 263 2952 418 3025; x_wconf 78' lang='lat' dir='ltr'><strong>disciplina</strong></span> <span class='ocrx_word' id='word_1_187' title='bbox 430 2957 562 3023; x_wconf 87' lang='lat' dir='ltr'><strong>eductus,</strong></span> <span class='ocrx_word' id='word_1_188' title='bbox 576 2953 716 3011; x_wconf 77' lang='lat' dir='ltr'><strong>facilitate</strong></span> <span class='ocrx_word' id='word_1_189' title='bbox 730 2951 853 3026; x_wconf 83' lang='lat' dir='ltr'><strong>saepius,</strong></span> <span class='ocrx_word' id='word_1_190' title='bbox 869 2969 955 3027; x_wconf 87' lang='lat' dir='ltr'><strong>quam</strong></span> <span class='ocrx_word' id='word_1_191' title='bbox 1064 2989 1065 3022; x_wconf 59' lang='lat'>3</span> 
     </span>
     <span class='ocr_line' id='line_1_29' title="bbox 84 3037 1065 3119; baseline 0 -9"><span class='ocrx_word' id='word_1_192' title='bbox 84 3053 225 3110; x_wconf 82' lang='lat' dir='ltr'><strong>industria</strong></span> <span class='ocrx_word' id='word_1_193' title='bbox 239 3053 503 3109; x_wconf 83' lang='lat' dir='ltr'><strong>commendabatur.</strong></span> <span class='ocrx_word' id='word_1_194' title='bbox 545 3051 622 3110; x_wconf 83' lang='lat' dir='ltr'><strong>Huic</strong></span> <span class='ocrx_word' id='word_1_195' title='bbox 643 3044 812 3119; x_wconf 78' lang='lat' dir='ltr'><strong>Drusillam,</strong></span> <span class='ocrx_word' id='word_1_196' title='bbox 829 3045 955 3108; x_wconf 84' lang='lat' dir='ltr'><strong>Vinicio</strong></span> <span class='ocrx_word' id='word_1_197' title='bbox 1064 3037 1065 3110; x_wconf 55' lang='grc' dir='ltr'>ζ</span> 
     </span>
     <span class='ocr_line' id='line_1_30' title="bbox 85 3135 1065 3225; baseline -0.001 -18"><span class='ocrx_word' id='word_1_198' title='bbox 85 3135 190 3208; x_wconf 79' lang='lat' dir='ltr'><strong>lulium</strong></span> <span class='ocrx_word' id='word_1_199' title='bbox 215 3145 393 3203; x_wconf 83' lang='lat' dir='ltr'><strong>Germanico</strong></span> <span class='ocrx_word' id='word_1_200' title='bbox 415 3149 539 3219; x_wconf 85' lang='lat' dir='ltr'><strong>genitas,</strong></span> <span class='ocrx_word' id='word_1_201' title='bbox 561 3149 732 3224; x_wconf 81' lang='lat' dir='ltr'><strong>coniungit:</strong></span> <span class='ocrx_word' id='word_1_202' title='bbox 752 3165 897 3225; x_wconf 85' lang='lat' dir='ltr'><strong>superque</strong></span> <span class='ocrx_word' id='word_1_203' title='bbox 917 3163 953 3206; x_wconf 82' lang='lat' dir='ltr'><strong>ea</strong></span> <span class='ocrx_word' id='word_1_204' title='bbox 1064 3181 1065 3184; x_wconf 14' lang='grc' dir='ltr'>η</span> 
     </span>
    </p>
   </div>
   <div class='ocr_carea' id='block_1_5' title="bbox 81 3239 1065 3424">
    <p class='ocr_par' dir='ltr' id='par_1_6' title="bbox 81 3239 1065 3424">
     <span class='ocr_line' id='line_1_31' title="bbox 81 3239 1065 3314; baseline 0.005 -13"><span class='ocrx_word' id='word_1_205' title='bbox 81 3263 114 3302; x_wconf 87' lang='lat' dir='ltr'><strong>re</strong></span> <span class='ocrx_word' id='word_1_206' title='bbox 130 3243 252 3300; x_wconf 84' lang='lat' dir='ltr'><strong>Senatui</strong></span> <span class='ocrx_word' id='word_1_207' title='bbox 274 3241 400 3309; x_wconf 78' lang='lat' dir='ltr'><strong>scripsit,</strong></span> <span class='ocrx_word' id='word_1_208' title='bbox 413 3243 474 3298; x_wconf 89' lang='lat' dir='ltr'><strong>levi</strong></span> <span class='ocrx_word' id='word_1_209' title='bbox 487 3261 555 3302; x_wconf 89' lang='lat' dir='ltr'><strong>num</strong></span> <span class='ocrx_word' id='word_1_210' title='bbox 569 3247 680 3304; x_wconf 88' lang='lat' dir='ltr'><strong>bonore</strong></span> <span class='ocrx_word' id='word_1_211' title='bbox 703 3249 852 3308; x_wconf 87' lang='lat' dir='ltr'><strong>iuvenum.</strong></span> <span class='ocrx_word' id='word_1_212' title='bbox 874 3247 953 3314; x_wconf 82' lang='lat' dir='ltr'><strong>dein,</strong></span> <span class='ocrx_word' id='word_1_213' title='bbox 1064 3239 1065 3244; x_wconf 8' lang='grc' dir='ltr'>ἵ</span> 
     </span>
     <span class='ocr_line' id='line_1_32' title="bbox 82 3335 952 3424; baseline 0.014 -32"><span class='ocrx_word' id='word_1_214' title='bbox 82 3341 202 3396; x_wconf 72' lang='grc' dir='ltr'><strong>τεᾶιῑὶίίε</strong></span> <span class='ocrx_word' id='word_1_215' title='bbox 223 3335 372 3424; x_wconf 84' lang='lat' dir='ltr'><strong>absentiae</strong></span> <span class='ocrx_word' id='word_1_216' title='bbox 393 3337 502 3392; x_wconf 82' lang='lat' dir='ltr'><strong>caussis</strong></span> <span class='ocrx_word' id='word_1_217' title='bbox 525 3343 681 3400; x_wconf 88' lang='lat' dir='ltr'><strong>admodum</strong></span> <span class='ocrx_word' id='word_1_218' title='bbox 706 3345 799 3420; x_wconf 79' lang='lat' dir='ltr'><strong>vagis,</strong></span> <span class='ocrx_word' id='word_1_219' title='bbox 817 3346 902 3403; x_wconf 76' lang='lat' dir='ltr'><strong>dealt</strong></span> <span class='ocrx_word' id='word_1_220' title='bbox 916 3345 952 3402; x_wconf 85' lang='lat' dir='ltr'><strong>ad</strong></span> 
     </span>
    </p>
   </div>
   <div class='ocr_carea' id='block_1_6' title="bbox 79 3429 954 3522">
    <p class='ocr_par' dir='ltr' id='par_1_7' title="bbox 79 3429 954 3522">
     <span class='ocr_line' id='line_1_33' title="bbox 79 3429 954 3522; baseline 0.022 -38"><span class='ocrx_word' id='word_1_221' title='bbox 79 3434 216 3500; x_wconf 81' lang='lat' dir='ltr'><strong>graviora</strong></span> <span class='ocrx_word' id='word_1_222' title='bbox 229 3441 260 3492; x_wconf 84' lang='lat' dir='ltr'><strong>el</strong></span> <span class='ocrx_word' id='word_1_223' title='bbox 278 3429 451 3490; x_wconf 79' lang='lat' dir='ltr'><strong>offensiones</strong></span> <span class='ocrx_word' id='word_1_224' title='bbox 465 3435 503 3490; x_wconf 91' lang='lat' dir='ltr'><strong>ob</strong></span> <span class='ocrx_word' id='word_1_225' title='bbox 517 3433 672 3510; x_wconf 82' lang='lat' dir='ltr'><strong>Rempubt.</strong></span> <span class='ocrx_word' id='word_1_226' title='bbox 692 3450 823 3522; x_wconf 76' lang='lat' dir='ltr'><strong>coeptae,</strong></span> <span class='ocrx_word' id='word_1_227' title='bbox 836 3431 844 3480; x_wconf 51' lang='grc' dir='ltr'>ἕ</span> <span class='ocrx_word' id='word_1_228' title='bbox 856 3453 954 3522; x_wconf 82' lang='lat' dir='ltr'><strong>utque,</strong></span> 
     </span>
    </p>
   </div>
   <div class='ocr_carea' id='block_1_7' title="bbox 0 0 1092 3846">
    <p class='ocr_par' dir='ltr' id='par_1_8' title="bbox 0 0 1092 3846">
     <span class='ocr_line' id='line_1_34' title="bbox 0 0 1092 3846; baseline 0 0"><span class='ocrx_word' id='word_1_229' title='bbox 0 0 1092 3846; x_wconf 95' lang='lat' dir='ltr'><strong> </strong></span> 
     </span>
    </p>
   </div>
  </div>
 </body>
</html>
