2186 3850
95 251 168 328 296
442 271 626 322 ausanium
821 279 850 325 a.
865 277 897 325 v.
912 279 968 330 eut.
1078 331 1079 344 ¹

93 431 162 490 ullis
177 429 340 488 mortalium
360 429 523 487 securitatis
536 429 633 495 luisse,
645 429 677 488 in
690 428 815 488 civitate
835 431 968 489 omnium

97 549 187 610 grrsra
201 537 231 588 et
245 529 319 589 nihil
347 530 498 598 reticente,
513 529 619 587 nedum
647 531 806 588 Consulem
833 532 968 605 designa·

98 637 247 700 tum,cum
268 647 358 688 uxore
385 628 540 703 Principis,
560 627 708 702 praedicta
741 629 800 697 die,
828 629 969 688 adhibitis

98 731 147 808 qui
174 731 371 806 obsignarent,
403 729 485 787 velut
523 729 772 802 suscipiendorum
810 730 967 786 liberorum

98 847 212 900 cauma,
225 831 422 890 convenisse:
442 838 529 906 utque
556 829 636 888 illam
660 829 775 888 audisse
804 831 968 904 Auspicum

98 933 198 1002 verbe,
223 933 344 999 subisse,
366 929 546 989 sacrificasse
569 931 644 1002 apud
665 931 767 987 Deos:
788 929 966 988 discubitum

98 1029 177 1089 iuter
203 1031 365 1089 convivas:
394 1032 505 1097 oscula,
534 1032 721 1104 complexus:
742 1037 861 1086 noctem
888 1027 967 1086 deni·

98 1147 155 1206 que
177 1133 274 1197 actem
294 1129 415 1188 licentia
436 1129 593 1204 coniugali.
636 1129 696 1188 Sed
723 1129 796 1187 nihil
825 1128 966 1201 composi-

98 1233 160 1288 tum
181 1229 314 1288 miraculi
336 1245 447 1294 caussa,
462 1247 563 1286 verum
577 1228 676 1286 audite
689 1228 855 1302 scriptaque
873 1227 966 1286 senio·

46 1311 87 1372 2⁸
100 1329 177 1387 ribus
191 1313 312 1387 tradum'.
353 1329 446 1403 igitur
463 1331 565 1386 minus
593 1327 739 1401 ¹l’rincipis
761 1329 963 1386 inhorruerat:

98 1429 291 1502 maximeque,
319 1445 389 1504 qnos
417 1445 506 1502 penes
534 1428 674 1500 potentie,
702 1433 740 1494 et,
764 1429 789 1484 si
805 1445 850 1484 res
874 1432 965 1485 verte·

98 1533 172 1591 tent,
197 1527 328 1594 lormido,
362 1545 421 1585 uon
447 1527 506 1584 ium
537 1525 657 1584 secretis
697 1525 874 1600 conloquiis,
915 1525 966 1583 sed
1078 1529 1079 1536 ’

98 1630 197 1698 aperte
223 1625 354 1691 tremere,
382 1629 481 1684 ‘Dum
506 1626 606 1683 histrio
632 1625 797 1683 cubiculum
819 1626 965 1700 Principis

98 1723 316 1791 ‘insultaverit
340 1727 467 1782 dedecus
486 1725 602 1800 quidem
630 1726 770 1794 inletnm;
801 1725 853 1782 sed
882 1725 965 1783 disci·
1078 1717 1079 1794 l

99 1825 108 1856 ⁸
122 1823 203 1881 dium
228 1826 327 1896 procul
346 1825 472 1882 abluisse
486 1845 492 1881 :
514 1841 591 1882 nunc
605 1824 742 1882 iuvenem
755 1826 895 1889 nobilem,
907 1825 967 1900 dig-
1078 1823 1079 1830 ’

99 1927 108 1955 ⁸
127 1921 220 1980 nitate
247 1922 365 1989 formae,
381 1924 409 1979 vi
426 1924 541 1993 mentis,
565 1941 599 1981 uo
615 1924 776 1997 propinquo
795 1925 968 1991 Consulatu,
1078 1985 1079 2000 χ

99 2021 261 2080 ‘maiorem
283 2023 320 2079 ad
346 2039 428 2094 spem
461 2023 588 2096 accingi.
614 2040 670 2080 neo
703 2022 782 2079 enim
809 2025 968 2089 oecultum,

101 2123 186 2196 ‘quid
208 2127 271 2193 post
285 2123 343 2178 talc
369 2122 582 2178 matrimonium
606 2120 787 2196 superesset?
844 2122 969 2180 Subibat

99 2220 166 2279 siue
192 2221 281 2278 dubio
307 2224 408 2286 melus,
428 2228 604 2293 reputantes,
625 2223 780 2278 ‘hebetem
808 2221 966 2278 Claudiurn

101 2323 150 2376 ‘et
164 2320 248 2378 uxori
271 2320 451 2382 devinctum.
472 2321 632 2395 multasque
657 2327 763 2376 mortes
786 2319 866 2376 iussu
893 2319 969 2377 liles·
1078 2385 1079 2400 χ

102 2419 247 2478 *ἰιιΙΙίηαο
261 2417 407 2492 patratas?
447 2418 554 2476 Rursus
570 2419 631 2490 ipsa
660 2418 785 2475 facilitas
811 2419 968 2490 imperato-

102 2515 141 2574 ris
156 2517 291 2575 fiduciam
312 2519 409 2585 dabat,
442 2517 490 2573 ‘si
505 2517 657 2574 atrocitate
693 2517 824 2574 criminis
849 2533 968 2590 praevu-
1078 2511 1079 2540 ²

103 2617 251 2684 ‘luissent
291 2635 375 2690 posse
412 2617 534 2690 opprimi
569 2605 735 2673 damnatam
775 2621 844 2672 ante
883 2631 969 2690 quam

105 2717 222 2772 ‘ream'
284 2717 343 2774 Sed
367 2717 398 2774 in
421 2734 458 2773 eu
483 2715 639 2774 discrimen
658 2708 749 2780 uerti,
770 2714 809 2772 ‘si
836 2714 969 2771 defensio

103 2813 276 2882 ‘audiretur,
300 2821 387 2890 utque
420 2817 537 2873 clausae
570 2832 653 2872 sures
692 2813 782 2871 eliam
813 2811 966 2871 confitenti

51 2885 238 2968 2⁹⁴torent2
279 2914 327 2970 Ac
348 2915 439 2986 primo
465 2914 612 2981 Callistus,
635 2914 694 2972 ism
718 2911 793 2970 mihi
816 2913 896 2970 circa
920 2929 967 2970 ne·
1078 2941 1079 2998 p

103 3025 169 3068 sem
190 3009 225 3067 O.
246 3009 380 3067 Caesaris
394 3017 533 3080 narratus,
554 3020 584 3070 et
600 3013 753 3086 Appianae
772 3011 874 3069 caedis
888 3012 969 3068 moli·
1078 3059 1079 3082 ,

103 3112 148 3163 tor
161 3108 324 3172 Narcissus,
345 3109 622 3185 flagrantissimaque
647 3128 683 3168 eo
705 3111 881 3184 intempore
905 3127 967 3184 grs-
1078 3159 1079 3164 ,

103 3201 144 3256 tia
172 3203 278 3270 Pallas,
296 3205 456 3276 agitavere,
486 3215 581 3264 ‘num
616 3209 817 3267 Messallinam
844 3208 966 3266 secretis

101 3299 208 3354 ‘minis
234 3301 414 3371 depellerent
434 3318 531 3358 amore
561 3305 637 3373 Silii,
661 3315 769 3364 cuncta
796 3307 856 3374 sliu
886 3307 969 3364 dissi·

101 3395 293 3452 ‘molentesz’
326 3397 432 3452 deinde
465 3405 553 3467 metu,
576 3421 614 3458 ne
642 3405 678 3460 ad
704 3405 866 3478 perniciem
895 3410 969 3464 ultro

100 3487 289 3561 traherentur,
309 3495 470 3554 desistunt:
504 3497 612 3569 Pelles,
633 3519 685 3576 per
708 3501 879 3578 ignaviam
903 3504 968 3566 Cul-
