2134 3826
84 207 133 274 bt)
361 207 365 212 “
409 221 593 272 sunnnrrn
806 225 838 274 r.
854 223 884 273 v.
900 229 953 274 rer.
1057 217 1058 308 J

78 377 287 454 proconsulare
301 375 454 450 imperium
477 375 601 449 petivit:
622 375 758 452 missique
782 379 883 452 legati,
902 378 953 454 qui
1057 401 1058 412 ¹

83 477 239 544 deterrent,
249 477 334 534 simul
345 475 521 534 maestitiam
532 475 594 532 eius
607 477 645 532 ob
659 493 813 534 excessum
828 477 954 551 Augusti

85 578 255 634 solarentur.
275 591 331 650 quo
355 575 450 632 minus
470 574 547 632 idem
562 589 614 647 pro
638 575 734 632 Druso
755 578 959 650 postularetur,·

87 692 124 734 aa
136 692 249 742 osussa,
261 675 339 750 quod
363 674 531 748 designatus
556 673 666 732 Consul
682 675 793 732 Drusus
807 692 959 748 praeseus·

44 803 45 810 κ
87 780 224 852 queerat.
265 771 446 830 candidatos
455 778 606 846 praeturae
616 774 771 832 duodecim
782 774 958 844 nominavit,

86 891 238 938 numerum
251 875 288 930 ab
304 873 437 946 Augusto
455 871 610 930 traditum:
631 880 670 940 et,
685 873 819 934 hortante
834 875 957 942 Senatu,

87 978 120 1030 ut
133 975 262 1048 augeret,
271 970 456 1030 iureiurando
468 969 626 1028 obstrinxit
636 989 678 1038 se,
687 989 744 1030 nou
759 956 969 1030 excessurum-s

36 1087 77 1146 15
89 1071 169 1130 'lum
192 1071 315 1146 primum
336 1089 354 1128 e
372 1069 486 1144 Campo
508 1069 632 1128 comitia
642 1071 680 1128 ad
694 1071 796 1128 Patres
816 1073 958 1130 translata

87 1176 165 1230 aunt.
180 1189 248 1230 nam
261 1171 377 1228 adeam
390 1170 478 1234 diem,
492 1169 548 1226 etsi
562 1169 713 1243 potissima
723 1170 842 1228 arbitrio
852 1169 960 1244 prinoi-

88 1269 143 1344 pis‚
167 1271 309 1344 quaedam
336 1275 435 1326 tamen
455 1267 559 1326 studiis
579 1267 703 1326 tribuum
723 1269 840 1328 fiebunt.
863 1287 959 1344 neque
1003 1275 1006 1282 '

88 1371 210 1442 populus
224 1369 391 1440 ademptum
404 1368 449 1426 ius
462 1372 578 1442 questus
596 1374 649 1437 est,
662 1367 718 1424 nisi
732 1367 814 1426 inani
826 1385 958 1426 rumorer

90 1472 120 1526 et
141 1468 277 1535 Senatus,
291 1466 492 1542 largitionibus
505 1484 541 1524 ac
561 1467 829 1546 precibussordidis
843 1469 960 1524 exsolu-

90 1570 146 1634 tus,
159 1567 254 1623 libens
269 1566 372 1634 tenuit,
387 1567 556 1624 moderante
568 1565 701 1633 Tiberio,
715 1583 753 1623 ne
768 1567 863 1639 plures
872 1583 961 1640 quam

89 1671 211 1742 quatuor
223 1665 395 1722 candidatos
410 1665 636 1732 commendaret,
650 1665 713 1722 sine
727 1667 842 1736 repulsa
855 1670 885 1722 et
899 1682 961 1722 am-

89 1766 152 1824 bitu
160 1765 364 1838 designandos.
406 1763 570 1839 lnterquae
586 1763 713 1822 Tribuni
729 1764 824 1837 plebei
846 1763 960 1837 petire·

90 1883 132 1934 re,
152 1870 184 1922 ut
198 1863 312 1938 proprio
325 1863 580 1936 sumptuederent
605 1864 696 1930 ludos,
718 1863 820 1935 quide
841 1861 961 1920 nomine

91 1963 228 2038 Augusti,
258 1961 340 2020 lastis
371 1961 472 2029 additi,
497 1963 674 2035 Augustales
697 1967 879 2019 vocarentur.
906 1962 961 2020 sed

90 2064 209 2122 decreta
224 2061 349 2136 pecunie
363 2079 401 2118 ex
422 2060 540 2130 aerario,
554 2066 641 2136 utque
656 2054 707 2134 per
723 2060 842 2120 Circum
863 2061 962 2119 trium·

91 2163 172 2238 pbali
187 2167 270 2219 veste
295 2164 462 2218 uterentur:
483 2177 567 2216 curru
590 2160 658 2218 vehi
680 2161 757 2218 baud
782 2161 961 2234 permissum.

91 2279 161 2321 mox
175 2260 334 2320 celebratio
348 2276 444 2317 annua
458 2259 494 2316 ad
505 2259 672 2317 Praetorem
686 2262 835 2330 translata,
849 2260 898 2318 cui
915 2259 960 2318 iu·

92 2368 137 2422 ter
150 2364 233 2422 cives
247 2367 277 2419 et
292 2359 457 2435 peregrinos
471 2359 633 2416 iurisdictio
646 2360 807 2418 evenisset.

42 2471 81 2530 16
134 2463 193 2520 Hic
207 2477 300 2519 rerum
314 2461 488 2516 urbanarum
505 2463 596 2516 status
611 2463 762 2529 eratcurn
774 2457 963 2516 Pannonicas
1057 2503 1058 2508 1

92 2561 224 2636 legiones
244 2559 350 2616 seditio
368 2556 490 2614 incessit
509 2576 518 2627 ς
545 2558 632 2616 nullis
654 2557 740 2615 novis
763 2557 883 2626 caussis,
904 2557 963 2616 nisi

93 2661 169 2736 quod
194 2663 319 2716 mutatus
344 2655 479 2729 princepe
508 2656 658 2714 licentiam
685 2659 844 2726 turbarum.
867 2663 896 2713 et
922 2674 964 2714 ex

94 2758 180 2817 civili
202 2758 280 2814 bello
305 2773 387 2828 spem
412 2756 601 2830 praemiorum
627 2757 809 2813 ostendebat.
852 2755 964 2813 Castris
1018 2811 1027 2830 ,

94 2857 217 2916 aestivis
237 2860 295 2912 tres
313 2855 398 2936 simul
419 2853 550 2929 legiones
570 2856 758 2922 habebantur,
779 2855 965 2928 praesidente
1057 2861 1058 2888 l

94 2956 181 3016 lunio
195 2956 321 3012 Blaeso:
342 2953 402 3030 qui,
415 2954 473 3012 line
492 2954 618 3027 Augusti
631 2960 661 3012 et
680 2953 772 3012 initiis
787 2953 903 3012 Tiberii
917 2971 965 3012 au·
1057 3031 1058 3042 ἵ

124 3107 261 3178 Candidatus
269 3111 388 3178 menum
407 3107 471 3178 xli]
520 3106 741 3177 Preetorumnorigo,
760 3071 896 3170 progressu,
914 3122 969 3168 aug-

94 3175 201 3221 mentum,
218 3173 272 3213 satus
288 3167 392 3226 ambrgue
407 3167 505 3213 tradita:
523 3172 591 3214 etrum
605 3167 635 3212 ab
649 3167 683 3220 irs.
698 3168 776 3228 quibus
786 3167 894 3214 boecuria
912 3181 968 3214 cure

94 3226 144 3272 luit.
176 3226 227 3284 Ego
236 3225 336 3271 breviter
345 3239 392 3272 rem
403 3225 504 3287 expedivi
514 3229 539 3272 et
549 3226 579 3272 ad
596 3226 703 3273 historice
712 3227 792 3283 tidem
808 3239 866 3288 quae
875 3225 935 3282 vide,
946 3225 967 3274 si

95 3284 272 3342 rmiullrcurs.
294 3284 320 3332 l).
354 3283 415 3340 laps.

126 3361 188 3432 num
199 3361 300 3431 pssum
315 3361 426 3431 merjan
443 3349 601 3408 comunem
613 3376 656 3418 m,
673 3363 754 3433 amtor
771 3362 884 3434 libertate,
903 3363 968 3436 verse

95 3419 189 3466 babuto:
207 3435 234 3466 ee
244 3421 296 3468 crde
311 3434 402 3490 omnnio
420 3435 443 3465 ur
454 3419 544 3490 {incure
564 3422 678 3492 quae'buc·
691 3422 783 3492 laomor,
799 3423 843 3470 lrtt.
860 3423 890 3469 E.
900 3423 965 3494 laps.

8 3551 9 3554 Ἴ
94 3477 231 3595 w·
248 3477 307 3528 Foro
316 3479 401 3539 noo,
409 3479 500 3528 mbas
508 3478 598 3542 Campo,
607 3485 641 3528 snt
649 3479 737 3530 'l'rberu
750 3480 856 3530 eduletor
864 3480 969 3530 Velleius
