2166 3834
98 263 169 332 ¹52
418 283 603 332 suasurum
822 292 851 338 s.
867 288 898 339 v.
914 294 968 342 rac

94 445 144 497 aut
172 436 274 512 quibus
305 437 344 494 ob
377 444 536 512 egestatem
569 457 605 496 ac
639 444 747 499 metum
774 461 814 500 ex
845 444 968 519 flagitiis

95 539 224 597 maxima
252 538 394 609 peccandi
422 539 616 606 necessitudo,
642 547 830 613 componunt,
860 543 967 602 Florus

96 639 214 712 Belgas,
237 637 375 695 Sacrovir
397 637 557 710 propriores
578 638 680 696 Gallos
701 641 830 698 concire.
873 642 968 716 Igitur

95 755 148 812 per
166 735 361 794 conciliabula
374 743 404 793 et
424 743 525 794 coetus
545 737 682 794 seditiosa
695 739 887 807 disserebant,
907 743 966 800 ‘de

96 835 332 894 ‘continuatione
347 835 525 899 tributorum,
544 837 690 910 gravitate
704 829 821 904 lenoni,
836 839 965 898 saevitia

96 942 148 994 ‘ac
163 936 296 1009 superbia
317 933 604 1008 praesidentium’et
626 936 809 994 ‘discordare
830 938 967 1008 mititem,

96 1029 215 1094 ‘audito
249 1035 418 1093 Germanici
452 1033 553 1091 exitio.
592 1035 739 1109 egregium
773 1040 966 1095 resumendae

95 1135 242 1194 ‘libertati
258 1142 377 1206 tempus,
392 1134 416 1190 si
436 1133 492 1206 ipsi
506 1133 650 1201 florentes,
664 1153 749 1208 quam
770 1135 854 1207 inops
869 1137 968 1207 ltalia,

95 1241 198 1310 ‘quam
218 1234 344 1292 imbellis
364 1237 472 1290 urbana
494 1233 600 1305 plebes,
623 1233 695 1289 nihil
716 1234 847 1290 ualidum
869 1235 899 1291 in
913 1253 969 1292 ex·

43 1327 81 1386 ‹tl
96 1333 263 1400 ‘crcitibus
291 1333 346 1390 uisi
369 1331 444 1405 quod
469 1337 630 1398 externum,
654 1329 835 1404 cogitarent)
877 1333 967 1390 llaud

94 1433 183 1489 lerme
198 1431 255 1486 ulla
269 1431 376 1486 civitas
396 1429 507 1487 intacta
528 1429 686 1486 seminibus
701 1429 764 1486 eius
785 1439 878 1487 motus
892 1431 966 1488 luit:

95 1531 146 1587 sed
173 1545 293 1602 erupere
321 1527 405 1601 primi
436 1528 592 1585 Andecavi
618 1545 654 1585 ac
683 1528 818 1586 Turonii.
843 1545 967 1603 quorum

96 1631 276 1689 Andecavos
295 1627 407 1684 Acilius
425 1627 543 1694 Aviola,
564 1629 700 1700 Legatos,
718 1627 817 1684 excita
832 1629 967 1697 cohorte,

95 1745 169 1803 quae
183 1726 320 1800 Lugduni
341 1726 514 1798 praesidium
535 1725 674 1800 agitabat,
687 1725 828 1783 coercuit.
871 1725 967 1785 Turo-

96 1825 139 1884 nii
156 1825 315 1898 legionario
327 1823 527 1898 milite,‘quem
543 1823 684 1881 Visellius
699 1825 805 1890 Varro,
820 1824 968 1882 interioris

97 1923 274 1982 Germanias
289 1925 426 1998 Legatus,
441 1922 568 1990 miserat,
581 1922 719 1996 oppressi,
733 1924 837 1980 eodem
854 1925 966 1982 Aviola
1031 1911 1037 1922 ³
1079 1989 1080 2004 χ

96 2023 181 2089 duce,
194 2029 224 2080 et
238 2023 408 2098 quibusdam
423 2022 585 2078 Galliarum
601 2022 789 2093 primoribus3
809 2023 858 2096 qui
873 2027 968 2081 tulere
1079 2011 1080 2088 Ξ

96 2123 248 2188 auxilium,
267 2139 323 2197 quo
346 2121 560 2178 dissimularent
587 2120 792 2186 delectibnem,
816 2122 969 2196 magisque
1079 2107 1080 2140 ³

96 2221 127 2280 in
149 2228 277 2296 tempore
298 2221 440 2278 efferrent.
463 2224 609 2292 spectatus
629 2225 659 2300 et
685 2219 832 2286 Sacrovir,
851 2220 969 2279 intecto

96 2322 204 2394 capite,
230 2337 354 2396 pugnam
376 2337 427 2392 pro
452 2317 591 2376 Romanis
615 2317 707 2385 ciens,
735 2319 970 2389 ‘ostentandae,’
1009 2309 1012 2318 ’

96 2426 127 2476 ut
141 2421 260 2488 terebat,
287 2419 419 2477 ‘virtutis
428 2415 445 2473 ε’
471 2419 523 2475 sed
544 2417 666 2490 captivi,
692 2424 750 2474 ‘ne
770 2417 969 2476 incesseretur
1079 2429 1080 2438 ¹

97 2519 193 2584 ‘telin
203 2519 439 2592 adgnoscendum
450 2533 481 2573 se
493 2513 678 2588 praebuisse,’
687 2519 854 2589 arguebant.
887 2517 968 2575 Gou-

96 2617 187 2672 sultus
207 2633 347 2690 supereo
366 2615 513 2700 Tiberius,
536 2615 724 2687 adspernatus
747 2621 793 2671 est
812 2615 968 2684 indicium.

43 2709 224 2786 42aluitque
245 2711 425 2770 dubitatione
449 2715 564 2770 bellum.
606 2713 727 2770 Interim
751 2713 855 2770 Florus
880 2713 969 2771 insis-

96 2815 157 2866 tere
178 2810 340 2876 destinatis,
365 2810 503 2884 pellicere
525 2813 601 2868 alam
625 2811 762 2883 equitum,
788 2829 872 2886 quae,
894 2829 966 2870 con·

90 2908 203 2981 scripta
224 2908 375 2976 Treveris,
401 2903 505 2966 militia
525 2907 737 2984 disciplinaque
758 2917 855 2966 nostra
876 2911 967 2969 habe·

124 3061 238 3108 erantne
273 3061 354 3122 sanes]
386 3063 421 3110 na
438 3064 480 3109 soc
498 3062 573 3112 aaut.
604 3063 754 3110 nonnata
769 3041 895 3124 et‘opprua
914 3079 970 3114 eun

95 3119 183 3165 tributis
193 3122 255 3176 gravi
271 3137 294 3166 us
309 3127 469 3186 premerentur,
486 3121 535 3166 allis
551 3136 579 3167 ue
595 3125 662 3168 extra
678 3121 779 3168 ordinem
795 3121 906 3178 oneribus,
926 3138 967 3186 pe·

95 3179 182 3222 cuniam
198 3184 296 3224 mutuam
311 3178 427 3237 capiebant
444 3194 457 3223 a
475 3179 539 3224 diviti
571 3194 580 3223 s
598 3179 642 3226 illis
662 3179 778 3234 Romanis,
798 3182 867 3241 idque
883 3183 970 3240 grandi

94 3235 176 3280 lenone.
210 3235 276 3281 Vnde
286 3237 340 3280 haee
355 3237 455 3294 querela,
470 3242 493 3280 et
503 3235 525 3280 in
536 3237 644 3282 Cicerone
654 3239 756 3298 exempla
773 3239 818 3284 iam
829 3245 883 3285 tunc
899 3249 966 3287 suut:

94 3295 118 3336 et
130 3292 175 3338 Dio
192 3292 267 3362 scribit
277 3297 312 3340 62.
333 3296 355 3337 2.
386 3293 489 3362 Senecam
509 3307 607 3362 mursam
624 3295 741 3342 rebellioni
757 3297 906 3344 Britannicae
923 3299 969 3348 au

94 3347 185 3418 Nerone
202 3352 291 3420 ddisse,
311 3351 567 3420 quodtpuodrsnglcntres
587 3355 725 3422 us3grondr'
734 3355 824 3412 femore
842 3357 968 3416 creditum,

93 3407 165 3472 subto
173 3423 305 3457 assemsum
313 3412 438 3466 repeterent.
467 3407 530 3464 Ister.
561 3409 591 3458 V.
607 3410 823 3462 damnemini.
839 3416 969 3476 u,pssstm.
