2186 3850
86 143 159 214 stt
409 167 618 218 auuaurvn·
809 173 958 222 auara

84 325 131 380 tu
149 319 321 394 prsovatuit,
342 323 375 380 ut
397 320 515 395 quidam
535 326 737 382 aoousatorun
763 324 827 384 sius
846 327 955 386 exsilio

84 422 282 488 muttareutur,
293 425 437 496 tanquan
448 419 553 478 inassati
561 419 721 497 pertarum
728 421 882 500 seorsum.

29 509 72 572 34
123 521 243 579 Narona
263 519 379 578 tortium
400 520 541 588 Gouaute,
561 519 647 580 simut
670 521 740 580 iuiit
762 524 955 584 Consulatum
1069 569 1070 572 η

81 621 228 680 Valerius·
247 620 396 688 Mesaatta,
422 621 505 678 ouius
532 637 680 694 proavum,
708 627 855 682 oratorem
883 624 955 684 Gur·

80 719 193 786 viuum,
208 720 247 778 1).
263 722 403 794 Augusto,
422 721 520 777 abavo
534 720 670 790 Neronis,
688 723 846 796 eoutagan
867 722 900 780 iu
913 740 951 782 ao

80 819 254 894 Magistrato
267 818 364 886 t'uissa,
385 818 470 891 pauoi
489 817 548 876 ia·
561 835 664 876 sonum
677 821 885 878 meminerant.
898 821 952 880 sed

78 917 311 978 nobilitamiiiue
331 919 423 979 hooor
441 925 544 976 auotos
564 923 618 986 est,
637 918 744 978 obtatis
764 919 795 976 iu
816 919 953 995 singulos

78 1037 171 1078 anuos
184 1018 337 1094 quingenis
354 1018 505 1086 sestertiis,
524 1017 626 1093 quibus
642 1018 782 1078 Messalla
795 1025 950 1093 pauperta-
1067 1015 1068 1018 ’

78 1123 138 1176 tem
159 1117 312 1177 innoxium
335 1121 518 1174 sustentaret.
560 1117 683 1176 Aurelio
702 1135 816 1192 qouque
838 1118 950 1178 cottae
1069 1109 1070 1114 ¹

77 1222 108 1274 at
128 1217 251 1275 Haterio
266 1216 398 1276 Antonio
417 1233 543 1294 annuam
567 1215 721 1288 peouoism
741 1217 844 1274 statuit
865 1217 949 1276 Priu-

76 1333 154 1388 oepa,
175 1317 308 1390 quamvis
335 1334 387 1390 per
409 1318 509 1373 turtum
536 1315 632 1372 avitas
653 1333 725 1390 opes
744 1315 945 1390 dissipassent.

74 1415 147 1474 Eius
167 1416 238 1473 suni
257 1415 410 1488 principio,
429 1413 566 1472 moltibus
587 1415 683 1472 adhuo
708 1414 801 1472 initiis
823 1418 946 1490 prolata·

75 1521 135 1574 tum
143 1514 220 1572 inter
230 1513 351 1572 Parthos
363 1513 567 1587 Romanosque
577 1513 614 1570 tle
624 1513 786 1588 trittiueoda
800 1515 943 1574 Armenia

73 1615 181 1672 betium
201 1611 307 1694 aeriter
325 1611 465 1669 sumitur:
490 1611 558 1686 quia
572 1628 628 1668 neo
643 1612 806 1686 Vologeses
819 1613 944 1690 sinebat,

72 1713 189 1773 tratrem
209 1711 366 1770 Tiridaten
392 1710 455 1768 dati
474 1729 492 1767 a
512 1729 545 1768 sa
572 1711 668 1785 Regni
695 1718 848 1785 expertem
868 1730 943 1782 esse,

72 1817 123 1870 aut
140 1811 255 1869 atienae
268 1810 299 1868 id
319 1809 467 1884 potentiae
481 1811 590 1868 dooum
610 1810 736 1866 habere:
765 1814 796 1868 et
809 1812 939 1870 Corbulo

72 1913 192 1988 dignum
212 1909 409 1985 magnitudino
433 1909 538 1981 Poputi
563 1908 689 1966 Romani
713 1911 838 1976 rebatur,
859 1916 941 1983 parta

71 2011 144 2070 oiim
169 2029 188 2068 a
214 2011 338 2070 Looutto
372 2007 568 2082 Pompeioque
597 2007 735 2080 recipere.
786 2009 837 2066 Ad
865 2010 940 2066 haeo

72 2109 218 2177 Armenii,
230 2108 365 2181 ambigua
378 2108 445 2175 tide,
465 2113 584 2182 utraque
598 2123 677 2164 arma
690 2106 867 2175 invitabant,
882 2107 940 2164 situ

72 2215 219 2266 terramus.
253 2207 446 2279 similitudine
479 2223 591 2264 morum
631 2205 746 2262 Parthis
780 2206 939 2280 propiores,

70 2307 280 2382 connubiisque
307 2305 453 2380 permixti,
486 2322 522 2362 ao
555 2305 691 2362 libertate
721 2304 831 2378 ignota,
865 2305 937 2364 ittoo

23 2413 58 2474 35
71 2409 162 2482 magis
176 2408 211 2463 ad
226 2403 378 2464 servitium
391 2404 577 2462 iuotiuautes.
620 2403 680 2460 Sed
695 2403 856 2462 Corbuloni
871 2405 934 2477 ptus

68 2508 154 2564 motis
173 2507 312 2564 adversus
332 2503 481 2578 ignaviam
502 2503 635 2567 miiitum,
656 2519 741 2576 quam
757 2507 860 2560 oontra
875 2521 936 2576 per·

67 2607 167 2663 fidiam
180 2604 308 2662 hostium
322 2609 393 2659 erut.
435 2601 551 2674 Quippe
567 2603 653 2675 Syria
674 2608 852 2660 transmotae
865 2601 935 2678 tegi·

67 2721 149 2772 ones,
170 2721 242 2776 pace
262 2706 348 2778 ionga
368 2701 598 2775 regressionis
621 2699 816 2758 Romanum!
836 2719 935 2776 aeger·

67 2802 139 2860 rime
160 2803 330 2860 tolerabant.
373 2799 451 2858 Satis
470 2799 611 2861 constitit,
633 2799 720 2856 tuisse
743 2801 775 2856 iu
795 2816 832 2856 eo
851 2817 932 2857 exer·

67 2903 127 2960 oitu
143 2905 306 2964 veteranos,
319 2898 367 2971 qui
390 2899 632 2965 susurrationem,
652 2915 710 2954 nou
733 2879 932 2972 rigitias'iais·

66 3009 147 3058 sent:
171 3001 279 3056 vatium
290 2998 462 3070 fossamque,
470 2998 552 3069 quasi
563 3015 640 3054 noua
651 3003 681 3054 et
692 2996 775 3065 mira,
785 2995 930 3066 visereut3

65 3099 129 3152 siue
143 3097 244 3169 galeis,
258 3095 321 3152 siue
343 3095 449 3160 toriois,
474 3095 561 3152 nitidi
586 3103 615 3151 et
634 3095 808 3169 quaestuosi,
825 3095 931 3152 militia

63 3210 115 3262 per
128 3194 234 3264 oppida
255 3193 384 3262 expieta.
426 3190 518 3262 igitur
537 3192 674 3260 dimissis,
693 3193 795 3267 quibos
808 3199 929 3251 seoeota

61 3299 110 3340 aut
141 3289 277 3344 valetudo
303 3289 425 3343 adversa
452 3292 523 3354 erut,
551 3293 783 3361 supplementum
811 3291 928 3363 petivit.

60 3377 101 3434 Et
123 3383 216 3438 habiti
239 3383 459 3456 psr'Gatotium
482 3399 518 3440 ao
544 3386 764 3460 Cappadociam
785 3391 933 3450 detectus..
