2164 3846
132 283 161 332 n.
177 281 205 331 c.
221 283 260 330 au.
359 281 430 330 ara.
447 279 496 328 vr.
547 278 626 330 oar.
643 260 814 330 42.-44.
926 257 1006 330 aot.
1078 255 1079 264 ’

133 433 210 496 urna
229 433 448 515 praepollentia:
471 442 558 514 atque
581 435 700 496 interim
721 436 895 512 Ctesiphon,
918 437 1002 494 aedes
1078 425 1079 496 Ῠ

127 535 258 611 imperii,
289 531 391 611 petita.
412 539 474 608 ted,
495 539 547 597 ubi
574 539 653 596 diem
667 557 706 596 ex
733 537 782 596 die
809 537 1002 611 proterebant,

127 635 230 694 multia
256 651 356 697 coram
376 642 407 696 et
422 637 658 712 adprobantibus,
685 639 807 706 Surena,
822 635 917 711 patrio
943 651 1002 692 uro·
1078 653 1079 692 2

124 751 167 802 re,
188 733 347 795 Tiridaten
360 736 470 814 insigni
490 739 586 814 Regio
607 738 736 798 evinxil.
778 737 836 803 Ac,
864 734 890 793 ai
903 733 1003 792 atatim
1015 731 1063 820 513

128 833 271 893 interiora
297 842 469 914 ceteraeque
495 837 631 896 nationes
668 837 834 912 petivisset,
866 849 1004 908 oppressa
1078 843 1079 846 ’

128 936 334 994 nunciantium
346 937 500 1009 dubitatio,
520 944 551 997 et
566 957 668 998 omues
682 941 714 998 in
738 951 827 996 uuum
841 935 985 995 cedebant
989 955 1001 998 ς.

128 1033 293 1096 adsidendo
312 1041 478 1109 nusiellum,
491 1039 523 1098 iu
548 1041 625 1116 qnod
652 1039 808 1114 pecuniam
829 1041 860 1096 et
882 1035 1005 1111 pellicea
1078 1055 1079 1058 ¹

126 1136 295 1196 Artabanus
309 1141 495 1208 contulerat,
511 1141 594 1198 dedit
607 1139 735 1214 epatium
761 1137 893 1197 exeundi
907 1141 1004 1211 pacta.

127 1237 157 1295 N
161 1253 209 1296 am
230 1237 393 1297 Phradates
411 1249 441 1297 et
455 1239 557 1308 Hiero,
571 1243 613 1308 et,
627 1239 653 1297 ai
668 1239 718 1314 qni
732 1237 784 1297 alii
795 1221 943 1296 delectum
956 1253 1005 1296 ca·

129 1337 241 1412 pieudo
260 1339 422 1406 diademati
446 1339 526 1398 diem
543 1340 621 1398 haud
634 1341 924 1403 concelebraverant,
939 1353 1004 1411 para

130 1443 222 1507 metu,
235 1437 353 1513 quidam
366 1438 482 1497 invidia
508 1439 540 1497 ln
569 1439 756 1511 Abdagesen,
778 1437 827 1514 qni
854 1443 915 1496 turn
937 1437 1005 1494 aula

130 1541 163 1594 et
190 1554 271 1595 novo
298 1537 381 1612 Rege
409 1539 583 1612 potiebatur,
603 1540 639 1596 ad
669 1541 850 1597 Artabanum
879 1542 1008 1596 vertere..
1078 1535 1079 1568 ³

131 1635 221 1711 laquo
244 1637 276 1694 iu
303 1638 452 1712 Hyrcania
466 1644 595 1712 repertun
623 1642 677 1705 eet,
700 1637 813 1696 inluvie
827 1639 949 1703 obsitus,
974 1641 1006 1692 et

128 1735 271 1796 alimenta
297 1753 367 1794 arcu
389 1736 562 1810 expediens.
596 1755 632 1796 ac
657 1737 758 1812 primo,
783 1745 929 1813 tamquam
956 1738 1005 1793 do-

131 1836 178 1894 lna
205 1841 363 1908 pararetur,
386 1836 521 1905 territuar
542 1836 591 1894 ubi
617 1839 686 1895 data
712 1839 794 1906 tides,
820 1839 1006 1895 ‘reddendae
1078 1905 1079 1908 Ἴ

132 1933 350 1994 ‘dominationi
371 1934 508 2001 veuiaae,’
528 1935 682 1994 adlevatur
700 1937 838 2003 animum,
853 1942 892 2004 et,
915 1943 1007 2010 ‘quae
1078 1991 1079 2020 ,

131 2034 310 2110 ‘repentina
329 2033 483 2094 matetiol'
503 2035 640 2110 exquirit.
681 2037 761 2094 Turn
776 2035 868 2093 Hiero
891 2035 905 2069 ‘¹
916 2035 1007 2107 pueri·

132 2135 223 2192 ‘tium
245 2134 399 2193 Tiridatie’
418 2135 574 2210 increpat3
594 2143 810 2210 ‘nequepenea
831 2134 1006 2192 Arsacirlern

133 2233 316 2308 ‘imperium
330 2237 382 2292 aed
396 2235 485 2293 inane
507 2251 614 2293 nomen
629 2233 705 2308 apud
728 2233 868 2290 inbellem
883 2237 1023 2294 externa.
1078 2257 1079 2266 ¹

132 2334 290 2400 ‘mollitia
316 2335 377 2392 viru
398 2334 429 2392 iu
455 2334 620 2410 Abdageeiu
648 2331 755 2390 domo)
797 2331 897 2390 Senait
921 2311 1079 2434 Venisti}

120 2434 286 2506 regnandi,
299 2435 386 2492 lalana
399 2434 431 2492 iu
445 2451 552 2504 amore,
566 2433 634 2490 odia
648 2451 706 2490 uon
721 2432 841 2506 lingere.
862 2449 917 2490 nec
932 2433 1017 2490 ultrat

28 2521 30 2530 ¹
133 2540 271 2601 momine,
299 2551 384 2608 quum
412 2535 481 2591 dum
518 2535 694 2608 Scytharum
727 2531 838 2590 auxilia
865 2531 1012 2602 conciret,

133 2633 230 2707 pergit
256 2649 403 2706 properus,
431 2638 461 2690 el
489 2633 685 2706 praeveniens
706 2631 891 2706 inimicorum
919 2637 1010 2701 artua,

134 2734 294 2792 amicorum
322 2732 556 2804 poenitentiam:
578 2749 672 2806 oeque
694 2737 815 2789 exuerat
842 2733 1007 2806 paedorem,

134 2839 166 2892 ut
191 2833 322 2906 ruignm'
338 2830 524 2889 miseratione
552 2831 807 2890 adverterentur
834 2831 920 2899 traua,
947 2850 1007 2890 nou

132 2951 248 3010 -preceo,
261 2931 332 2990 nihil
347 2934 495 3000 curiarum,
508 2949 564 3006 quo
577 2932 727 3006 ambiguos
739 2931 884 3000 inliceret,
896 2949 1007 3008 promp-

137 3033 160 3091 ti
180 3034 370 3091 firmarentur.
412 3031 532 3106 lamque
557 3035 647 3091 multa
668 3050 753 3090 uranu
776 3033 935 3108 propinqua
957 3033 1007 3090 Sc·

136 3133 252 3191 leuciae
267 3132 468 3202 adventabat3
488 3149 556 3190 cum
580 3131 739 3198 Tiridates,
766 3133 851 3190 aimul
867 3133 953 3198 laura,
967 3137 1008 3188 at·
1078 3143 1079 3184 ῖ

63 3293 66 3300 ,
136 3231 268 3307 queipso
287 3232 440 3290 Artabano
464 3233 622 3305 perculsus,
645 3231 767 3289 distrahi
790 3231 932 3296 consitiis,
953 3230 1009 3286 iret

136 3336 250 3397 contra,
280 3349 319 3389 an
344 3333 452 3390 bellum
476 3331 666 3389 cunctatione
692 3335 838 3388 tractaret.
896 3327 1010 3396 Quibus
1078 3361 1079 3410 l

136 3431 280 3504 proelium
294 3437 324 3487 et
350 3430 480 3488 festinati
501 3447 585 3486 carus
613 3431 778 3501 placebant,
799 3424 956 3480 ‘disiectos
978 3430 1010 3481 et
1078 3471 1079 3496 ᾖ

140 3531 375 3608 ‘longinquitate
393 3531 509 3592 itineris
527 3530 628 3596 leesor,
648 3545 686 3585 ue
712 3527 811 3584 auimo
828 3522 946 3597 quidem
966 3539 995 3560 ··
1078 3519 1079 3548 ³
