2186 3850
121 241 154 292 a.
172 237 199 286 o.
214 239 253 284 re.
334 229 404 290 rra.
434 233 510 284 rur.
543 235 639 284 ear.
661 217 827 284 10.-la.
925 215 997 286 357

124 391 259 450 retinuit.
309 391 414 465 Neque
440 391 552 465 'recepti
578 395 645 448 sunt
678 391 755 450 inter
785 409 848 448 reos
876 391 999 450 Carinas

123 492 228 555 Celer,
244 491 377 555 Senator,
392 508 479 549 servo
499 497 668 556 accusante,
687 497 737 547 aut
761 491 851 548 lulius
872 491 998 559 Densus,

125 590 282 664 Equester,
296 590 345 646 cui
366 589 448 646 lavor
468 591 499 647 in
520 590 723 647 Britannicum
738 587 854 646 crimini
868 591 998 648 dabatur.
1038 618 1041 623 ¹

127 688 257 746 claudio
273 690 401 754 Nerone,
416 690 451 746 L.
469 689 599 746 Antistio
613 707 694 746 coss.
712 705 778 746 cum
792 689 822 744 in
838 695 903 745 acta
919 689 998 746 Prin·
1013 671 1047 730 ¹¹

117 787 227 863 ‘cipum
248 788 375 844 iurarent
398 788 593 862 Magistratus,
623 787 673 844 ‘in
694 805 745 843 sua
765 793 832 843 acta
846 789 1000 862 conlegam

125 885 304 943 ‘Antistium
325 885 427 944 iurare'
448 887 608 958 prohibuit:
637 887 750 960 magnis
772 887 890 942 Patrum
911 864 1000 943 laudi·

127 985 191 1053 bus,
207 991 238 1040 ut
252 985 390 1042 iuvenilis
411 986 525 1053 animis,
546 986 653 1044 levium
668 1005 779 1060 qrroque
795 1003 887 1042 rerum
908 984 1000 1068 gloria

128 1085 270 1150 sublatus,
291 1085 414 1142 maiores
428 1085 621 1142 continuaret.
664 1086 828 1160 Secutaque
843 1083 947 1140 leuitas
968 1083 999 1141 ta

128 1182 278 1240 Plautium
300 1185 487 1251 Lateranum,
507 1201 602 1258 quern,
624 1185 662 1240 ob
686 1183 858 1242 adulterium
880 1183 1000 1240 Messal-

127 1281 210 1338 linae
230 1282 331 1338 ordine
352 1293 502 1348 remotum,
530 1281 655 1338 reddidit
678 1281 809 1350 Senatui,
830 1278 1001 1338 clementiam

128 1396 214 1437 suom
233 1381 418 1454 obstringens
442 1381 550 1438 crebris
564 1379 761 1449 orationibus,
783 1398 852 1456 quas
875 1382 1003 1447 Seneca,

130 1479 326 1543 testificando,
346 1497 432 1554 quam
453 1481 575 1536 honesta
597 1480 786 1558 praeciperet,
808 1482 856 1537 vel
871 1478 1001 1538 iactandi

128 1577 253 1652 ingenii,
269 1596 343 1636 voca
366 1577 511 1651 Principis
532 1582 677 1654 vulgabat.
720 1581 857 1638 Ceterum
877 1580 1000 1638 intractu
1013 1580 1054 1638 12

129 1677 283 1752 paullatim
307 1677 438 1750 potentia
463 1678 571 1746 matris,
593 1678 713 1752 delapso
733 1681 853 1738 Nerone
874 1680 904 1737 in
924 1697 1001 1736 amo·

124 1763 195 1832 'rem
222 1775 351 1842 libertae,
376 1775 424 1832 cui
451 1778 625 1833 vocabulum
652 1777 721 1834 Acte
741 1778 814 1837 luit:
847 1777 1001 1856 simulati·

131 1874 255 1947 sumplis
275 1875 306 1931 in
331 1873 543 1932 conscientiam
571 1875 689 1932 Othone
712 1880 742 1931 et
763 1876 889 1933 claudio
910 1877 1000 1932 Sene·

131 1973 229 2038 cione,
250 1974 476 2032 adolescentulis
495 1974 625 2032 decoris:
654 1989 772 2046 quorum
793 1972 872 2030 Otho
891 1973 1001 2032 familia

132 2072 298 2140 consulari,
327 2071 456 2128 Senecio
479 2071 584 2128 liberto
609 2070 744 2130 Caesaris
770 2076 851 2144 patre
875 2071 1000 2144 genitus,

131 2172 233 2246 ignara
247 2176 348 2236 matre,
362 2170 431 2227 dein
446 2169 548 2228 trustra
563 2170 725 2237 obnitente,
746 2155 862 2244 penitus
875 2167 1001 2248 inrepse-

130 2275 176 2328 rat
197 2287 248 2344 per
268 2271 369 2326 lurum
389 2274 419 2326 et
439 2269 573 2344 ambigua
593 2275 724 2325 secreta:
756 2287 793 2324 ne
808 2265 1001 2324 severioribus

130 2371 247 2446 quidem
272 2367 419 2440 Principis
443 2369 546 2425 amicis
570 2367 801 2434 adversantibus,
823 2366 1001 2434 muliercula,

130 2471 213 2526 nulla
240 2467 408 2540 cuiusquam
443 2467 556 2536 iniuria,
590 2467 742 2540 cupidines
778 2464 925 2537 Principis
952 2483 1001 2522 ex·

131 2571 251 2644 plenle;
279 2570 394 2642 quando
408 2585 497 2624 uxore
518 2569 555 2624 ab
576 2566 714 2628 Octavia,
735 2564 827 2622 nobili
841 2565 956 2639 quidem
972 2569 1002 2622 ei

129 2663 283 2738 probitatis
297 2667 456 2735 spectatae,
470 2661 529 2717 tato
543 2662 676 2734 quodam,
698 2677 735 2716 an
750 2659 816 2734 quia
831 2662 1003 2734 praevalent

130 2761 258 2829 inlicita,
285 2761 475 2818 abhorrebat:
509 2761 756 2833 metuebaturque,
784 2778 821 2817 ne
849 2759 879 2818 in
904 2769 1003 2834 stupra

130 2859 303 2919 feminarum
330 2858 493 2918 inlustrium
521 2863 727 2931 prorumperet,
754 2857 778 2915 si
805 2860 856 2916 illa
880 2859 1002 2918 libidine

130 2959 339 3036 prohiberetur.
383 2953 443 3014 Sed
461 2956 623 3030 Agrippina
645 2953 773 3014 libertam
788 2956 934 3027 maculant,
954 2960 1056 3018 aru-13

131 3057 197 3118 rum
223 3055 367 3124 maora,
393 3057 517 3131 aliaque,
545 3057 669 3114 eundem
697 3057 728 3114 in
754 3061 878 3124 modurn,
903 3058 1003 3115 mulie·

165 3231 194 3277 Vt
203 3231 311 3279 iuvenilia
322 3231 414 3292 natata]
446 3231 526 3277 Sensus
537 3233 579 3284 est,
594 3233 627 3282 ut,
640 3245 689 3276 curn
700 3231 843 3291 intelligeret,
855 3229 923 3274 etiam
933 3232 1002 3274 etam

133 3291 181 3338 levi
201 3305 225 3336 re
241 3295 327 3336 tantam
349 3291 442 3348 gloriam
462 3290 531 3344 nasci,
549 3295 667 3350 tantasque
685 3291 768 3339 laudes,
785 3287 1002 3350 copidoiniiceretur

133 3350 200 3397 rebus
215 3346 335 3407 majoribus
345 3349 459 3409 patrandis
470 3362 537 3408 porro
547 3348 652 3393 maiorem
662 3349 750 3394 laudem
761 3346 858 3406 petendi.
891 3345 951 3392 Ern.

163 3427 419 3488 Majorcrcoulinuorcl]
453 3427 637 3484 Adresmajorea
645 3426 777 3486 adspiraret.
809 3423 872 3468 Brut.

164 3506 260 3552 Nurum
269 3507 396 3620 cacillant}v
417 3505 450 3552 De
462 3509 515 3551 Acta
532 3519 612 3555 armo,
623 3518 681 3564 quae
697 3502 784 3570 liberta.
810 3499 1001 3570 ,Sicap3dalhin
1090 3565 1091 3568 Ἴ

133 3565 224 3630 Flagra.
240 3564 302 3618 Eiet.
319 3569 339 3616 t.
393 3561 768 3628 omhddepurrsrataudrunt,
779 3573 816 3625 qur
826 3557 909 3607 hberu.
