2134 3826
75 201 124 266 50
401 219 586 270 nuunurvn
807 224 837 276 a.
853 222 885 272 v.
902 226 954 274 rea.

73 372 144 431 ‘rit
186 373 244 432 Pro
273 371 395 433 iuventa
415 380 446 432 et
473 393 569 433 errore
596 373 651 434 filii
678 374 798 435 veniam
825 367 953 451 pr'eeor:

74 473 183 530 ‘liliam
203 473 379 532 necessitate
405 475 463 532 buc
487 476 654 542 adductam,
668 475 770 534 fateor.
792 481 873 534 tunm
898 477 957 534 erit
1043 533 1044 540 ,

74 575 268 639 ‘consultare
297 580 391 630 utrum
416 575 598 646 praevalent,
633 575 710 648 quod
747 591 788 632 ex
814 576 955 634 Arminio

73 671 238 744 ‘concepit
258 689 296 728 an
321 672 395 746 qnod
429 689 467 728 cx
496 688 543 729 me
566 672 669 746 genita
701 671 766 730 est.'
827 674 953 744 Caesar,
1044 655 1045 660 ἵ

73 770 213 828 clementi
227 787 374 842 responso,
396 769 495 827 liberis
509 769 735 846 propinquisque
754 771 818 829 eius
838 773 953 830 incolu-

73 869 215 936 mitatem,
232 869 288 942 ipsi
307 869 407 926 sedem
428 877 529 926 vetere
553 868 586 926 in
608 869 763 944 provincia
783 871 953 944 pollicetur.

73 969 245 1029 Exercitum
269 968 394 1034 reduxit,
419 985 584 1042 nomenque
608 969 805 1042 imperatoris,
830 977 954 1030 auctore

75 1067 210 1134 Tiberin,
236 1067 361 1141 aceepit.
405 1067 533 1126 Arminii
558 1083 632 1126 uxor
651 1069 745 1126 virilis
771 1087 861 1126 sexus
890 1071 956 1128 stir·
1045 1086 1049 1114 l

73 1185 141 1242 pem
168 1166 281 1224 edidit:
310 1169 449 1224 educatus
484 1167 650 1225 Ravennae
677 1185 758 1241 puer,
793 1186 851 1242 quo
880 1187 952 1227 mox
1049 1222 1050 1230 ,

22 1258 63 1316 59
75 1266 198 1325 ludibrio
208 1265 393 1325 conflictatus
406 1266 454 1332 sil,
467 1266 643 1340 intempore
655 1269 830 1325 memorabo.
854 1269 952 1326 Fama

75 1365 168 1424 dediti
201 1365 384 1440 benigneque
417 1364 537 1438 excepti
574 1366 706 1440 Segestis
747 1369 878 1441 vulgale,
921 1371 955 1424 ut

76 1465 236 1541 quibusque
257 1467 367 1524 bellum
394 1464 497 1523 invitis
522 1469 571 1520 aut
590 1464 776 1538 cupientibus
799 1472 873 1535 erat,
902 1483 956 1539 spe

77 1567 125 1622 vel
141 1565 241 1622 dolore
264 1563 417 1637 accipitur.
461 1564 636 1630 Arminium,
659 1582 745 1637 super
758 1565 877 1622 insitam
894 1559 956 1622 vio·

77 1663 210 1728 lentiam,
224 1668 307 1736 rapta
329 1680 413 1730 uxor,
426 1662 574 1720 subiectus
596 1662 718 1718 servitio
731 1663 831 1720 uxoris
845 1671 957 1732 uterus,

78 1765 236 1821 vecordem
270 1764 418 1836 agebant:
449 1761 650 1836 volitabatque
688 1780 740 1834 per
776 1763 956 1832 Cheruscos,

79 1879 159 1922 arma
186 1863 218 1920 in
243 1863 406 1942 Segestem,
430 1877 510 1918 arma
522 1861 554 1918 in
570 1861 728 1918 Gaesarem
749 1879 882 1935 poscens.
906 1881 958 1920 ue·

79 1983 135 2042 que
160 1963 269 2038 probris
291 1964 487 2035 temperabat:
522 1961 703 2036 ‘Egregium
725 1967 852 2034 patrem!
876 1969 960 2036 mag-

81 2071 173 2122 ‘uum
199 2063 426 2135 Imperatoremt
449 2060 552 2118 sortem
572 2060 753 2118 exercituml
775 2077 896 2135 quorum
911 2065 958 2118 tot

81 2169 203 2223 ‘manus
230 2179 316 2220 unam
344 2161 542 2218 mulierculam
566 2159 731 2216 evexerint.
793 2159 859 2216 Sibi
895 2165 956 2217 tres

83 2264 244 2340 ‘legiones,
268 2261 390 2319 totidem
414 2261 524 2332 legatos
549 2257 745 2330 procubuisse.
787 2257 857 2315 Non
873 2259 957 2316 enim

84 2370 138 2422 ‘se
162 2362 335 2440 proditioue,
363 2375 457 2433 neque
493 2358 631 2414 adversus
658 2356 781 2441 seminas
808 2357 959 2431 gravidas,

84 2465 155 2521 ‘sed
180 2464 275 2536 palam
289 2461 428 2517 adversus
450 2463 574 2514 armatos
595 2457 702 2513 bellum
717 2461 849 2513 tractare.
871 2456 959 2515 cerni

85 2564 200 2620 ‘adbuc
215 2561 426 2619 Germanorum
452 2558 483 2615 in
512 2557 585 2616 lucis
609 2558 692 2631 signa
717 2557 860 2623 Romana,
880 2573 958 2631 quae

85 2662 160 2720 ‘diis
191 2659 291 2735 patriis
318 2657 509 2730 suspenderit.
543 2659 654 2715 coleret
676 2657 814 2730 Segestes
843 2657 958 2714 victum

86 2761 216 2835 ‘ripamt
238 2757 373 2815 redderet
387 2755 449 2813 illio
475 2755 687 2813 sacerdotium:
709 2755 858 2812 bominem
883 2755 959 2813 Ger·-

86 2869 210 2920 ‘manos
225 2873 379 2931 numquam
405 2855 476 2914 satis
498 2863 695 2923 excusaturos,
719 2857 794 2931 quod
809 2856 887 2914 iuter
902 2859 959 2916 Al-

86 2961 169 3020 ‘bim
183 2966 213 3017 et
225 2957 359 3016 Rhenum
376 2955 471 3029 virgas
484 2960 515 3012 et
528 2972 644 3012 secures
659 2959 689 3012 ct
703 2960 801 3029 lugunt
817 2955 958 3015 viderint.

87 3061 172 3120 ‘aliis
199 3057 343 3134 gentibue,
368 3055 533 3130 ignorantia
556 3053 672 3126 imperii
709 3053 846 3120 Romani,
872 3055 959 3114 inex·

116 3214 241 3284 Ptrenquo
249 3225 300 3256 rnen
310 3209 418 3280 ludilm'e]
451 3208 517 3268 Apud
522 3208 590 3280 ..alins
599 3206 667 3278 'nibil'
678 3205 760 3277 reperi.
791 3207 885 3280 Tacitus
900 3209 960 3264 haec

87 3278 221 3323 narraverit,
230 3285 253 3316 rn
264 3268 328 3315 rebus
338 3267 388 3314 Can
398 3271 437 3314 aut
446 3267 544 3320 Claudu,
553 3265 616 3312 lrbrrs
630 3279 667 3326 qur
678 3269 800 3325 penerunt.
832 3267 896 3325 [apr.

117 3351 223 3404 Quemne
237 3353 266 3394 tot
274 3345 373 3452 Ennea]
404 3345 501 3392 Videtur
517 3345 540 3391 in
560 3349 635 3392 ments
653 3343 756 3390 babuisse
774 3345 847 3392 locum
867 3343 962 3405 Virgilii

88 3409 253 3543 Aepgrsiinsniiib
269 3418 360 3538 imzteia'i
378 3479 485 3550 menna]
515 3479 584 3530 (irrasi
594 3480 671 3526 dicat:
688 3480 865 3550 Imaginquiores
880 3489 961 3542 gentes

89 3545 154 3592 tutas
162 3550 214 3592 sunt
222 3539 349 3603 suuperbia
362 3544 389 3585 et
406 3551 501 3600 imperio
510 3538 621 3596 Romano,
631 3539 679 3598 ipso
688 3544 740 3596 utu,
750 3543 775 3586 et
791 3540 909 3591 hmanas
917 3557 961 3593 uec

27 3748 155 3810 A
