2166 3834
103 229 174 299 160
423 253 607 302 aunamvu
824 256 898 304 av.
914 262 966 306 rra.

98 407 333 480 ‘tabutcrumque
354 405 517 466 miracuta?
545 406 722 481 promiscuae
743 407 815 466 viria
835 414 866 466 et
888 411 971 468 temi-

76 493 163 562 '‘nie
192 503 312 564 vestes?
332 515 418 581 atque
441 507 501 590 ¹itta
535 508 707 564 seminarum
735 507 859 584 propria,
893 510 968 584 quie,

98 605 243 678 ‘tapidum
258 619 369 671 caussa,
400 606 541 679 pecuniae
563 611 678 663 nostrae
710 608 747 663 ad
768 611 972 682 externasnaut

23 727 25 732 ·
46 703 105 760 54‘
121 705 234 762 hostitis
254 713 355 779 gentes
376 703 609 762 transferuntur?
630 707 695 766 Nec
716 707 828 779 ignoro,
849 707 882 764 in
903 725 971 765 con·

98 804 210 860 ‘vivite
231 811 261 860 et
280 804 396 860 circuti
430 803 557 862 incusari
579 805 643 872 ista,
664 813 694 862 et
724 808 844 864 modurn
866 807 971 880 posci:
1051 799 1071 890 ’χ

98 905 182 968 ‘sed
202 903 227 960 si
247 904 310 977 quis
345 906 439 977 legem
460 904 583 970 sanciat,
611 923 719 976 poenas
739 906 862 970 indicat,
883 907 974 962 iidem

99 1003 173 1070 ‘itti,
194 1004 349 1072 civitatem
370 991 453 1068 verti,
470 1004 706 1075 antendidieeimo
720 1005 825 1078 cuique
846 1005 973 1064 exitium

99 1102 220 1175 ‘parari
240 1103 387 1160 neminem
415 1102 545 1160 criminis
576 1085 737 1174 exnertem,
768 1104 972 1162 clamitabunt.

99 1203 218 1276 ‘Atqui
234 1221 269 1258 ne
290 1202 418 1274 corporis
442 1203 559 1275 quidem
582 1204 695 1259 morbae
720 1208 846 1269 veteres,
868 1209 900 1259 et
919 1203 969 1260 diu

99 1307 232 1366 ‘anoton
254 1291 310 1357 nisi
331 1302 472 1373 perdura
506 1306 536 1358 et
555 1319 657 1372 aspera
677 1318 834 1358 coerceas:
855 1317 970 1374 norrun

100 1405 165 1456 ‘tus
185 1400 269 1478 simut
291 1407 320 1454 et
340 1405 499 1472 corruptor,
531 1417 618 1473 aeger
638 1405 668 1455 et
697 1399 821 1472 flagrans
853 1401 967 1456 animus

100 1499 196 1554 ‘haud
218 1497 373 1554 tertoribus
397 1499 534 1556 remediis
556 1497 777 1578 restinguendus
799 1505 854 1564 eet,
885 1516 971 1572 qnam

100 1597 291 1654 ‘libidinibus
311 1596 446 1654 ardescit.
469 1603 512 1654 tot
547 1615 564 1653 n
585 1591 740 1654 maioribus
768 1603 902 1669 repertae
929 1600 968 1654 te·

99 1703 181 1769 ‘gea
204 1701 255 1763 tot,
277 1714 348 1770 quae
369 1697 407 1754 D.
432 1699 579 1770 Augustus
614 1697 696 1754 tutit:
718 1697 788 1755 ittae
809 1695 969 1765 oblivione,

99 1797 185 1860 ‘hae
207 1797 281 1869 quod
303 1795 471 1869 flagitiosius
503 1801 548 1852 est
568 1801 737 1868 contemptu
766 1795 905 1863 abolitae,
929 1813 972 1851 se-

101 1877 262 1952 ‘curiorem
284 1897 383 1952 tuxum
405 1896 510 1952 tenere.
532 1891 608 1962 nam,
644 1895 669 1951 ei
690 1895 773 1961 vetis,
804 1896 881 1968 quod
902 1912 973 1952 non·

101 1997 187 2052 ‘dum
209 1993 332 2052 vetitum
352 1999 406 2060 eet,
426 1994 539 2061 timeae,
561 2012 598 2052 ne
620 1999 721 2050 vetere
740 2013 748 2051 r
769 1997 809 2059 at,
830 1993 855 2048 ai
877 1993 972 2065 probi·

100 2094 183 2152 ‘bita
204 2092 324 2166 impune
347 2093 569 2159 transcenderis,
591 2110 684 2166 neque
705 2096 798 2149 metue
818 2093 904 2159 ultra,
925 2110 974 2148 ne·

101 2201 175 2269 ‘que
196 2195 287 2267 pudor
306 2201 359 2250 est.
401 2193 461 2250 Gur
488 2211 557 2265 ergo
577 2193 648 2248 otim
682 2191 862 2264 parcimonia
883 2194 972 2264 notte-

101 2295 170 2350 ‘bat
185 2291 197 2351 i
217 2293 282 2368 quia
297 2293 353 2349 eibi
373 2291 491 2366 quisque
507 2292 708 2347 moderabatur
723 2310 730 2344 z
752 2290 819 2364 quia
830 2287 916 2347 unius
930 2307 974 2347 ur-

102 2390 169 2448 ‘bie
194 2393 277 2448 cives
305 2408 434 2464 eramus}
457 2408 494 2446 ne
516 2378 702 2446 inritamenta
723 2388 838 2462 quidem
860 2391 975 2456 eadem,

101 2490 197 2548 ‘intra
213 2489 328 2548 ltaliam
342 2489 566 2553 dominantibus,
581 2489 710 2544 externis
721 2487 852 2546 victoriis
867 2487 976 2555 atiena,

102 2594 110 2622 ‘
129 2589 267 2645 civitibne
286 2589 374 2644 etiem
388 2593 484 2644 nostra
499 2605 668 2644 consumere
682 2587 846 2645 didicimus.
877 2588 976 2658 Quan-

106 2691 216 2746 ‘tutum
231 2687 306 2747 istud
321 2699 374 2752 est,
389 2688 425 2742 de
444 2704 501 2760 quo
523 2686 644 2746 Aediles
664 2687 842 2746 admonent!
869 2687 975 2757 Quam,

104 2786 151 2842 ‘ei
171 2791 269 2841 cetera
284 2784 431 2856 respicias,
447 2785 477 2840 in
498 2783 560 2840 tevi
573 2785 754 2840 babendum!
779 2787 829 2850 At,
845 2785 978 2854 hercule,

105 2891 112 2917 ‘
127 2903 213 2941 nemo
223 2883 316 2947 refert,
328 2885 403 2956 qnod
425 2884 511 2939 ltalia
523 2889 662 2940 externae
674 2884 737 2954 opis
748 2883 870 2956 indiget,
893 2885 974 2956 quod

104 2985 186 3042 ‘vita
202 2983 305 3056 Populi
328 2983 451 3038 Romani
465 3000 515 3054 ner
526 2973 638 3040 incerta
662 2982 747 3038 maris
760 2989 789 3038 et
820 2988 977 3056 tempesta·

105 3137 195 3198 quidem
205 3151 325 3189 servorum,
336 3135 374 3195 qni
385 3135 511 3182 manuarias
520 3151 599 3196 operas
609 3140 745 3182 exercerent.
762 3137 881 3188 Quantam
898 3137 944 3183 vim
955 3138 977 3184 in
1070 3169 1071 3178 ,

105 3197 160 3242 urbe
178 3196 281 3255 suspirari
303 3195 407 3238 ‹tt-bernus
428 3195 494 3238 irrisae
515 3197 645 3254 retiqnami'
661 3195 737 3240 Verba
757 3195 803 3240 eins
823 3196 878 3240 baec
899 3203 921 3248 7.
943 3201 979 3244 27.

106 3262 148 3308 Tar
165 3274 189 3304 rr
203 3274 247 3324 neg
264 3273 339 3322 χωςας
357 3251 440 3304 brenac
457 3250 487 3310 toi
505 3254 632 3305 ’diarmait
652 3274 771 3322 megarae,
788 3273 828 3304 και
847 3257 982 3324 arrigendae
1070 3275 1071 3294 t

105 3337 168 3370 aanor
184 3341 194 3369 a
209 3323 245 3370 δυο
263 3323 363 3387 (regiain
390 3335 577 3380 neronianum.
614 3321 658 3370 Kar
682 3339 765 3370 noceor
783 3338 837 3370 noan
851 3340 919 3390 μιςος
933 3341 981 3390 χεμ

105 3403 209 3455 gerwen
250 3385 303 3438 Lim
346 3385 409 3429 Adde
419 3385 495 3428 Senec,
515 3386 543 3426 de
554 3384 624 3428 benet.
637 3391 658 3434 7,
670 3387 695 3431 10
734 3385 794 3434 Era,

111 3517 115 3522 ,
138 3469 190 3512 Vita
202 3467 285 3522 Populi
300 3465 362 3510 Rom,
374 3465 518 3522 perincertn]
550 3464 765 3521 Qntaesteittmx
786 3466 870 3518 Africa.
890 3482 919 3512 ex
937 3470 981 3514 Ae·
1070 3489 1071 3516 1

107 3530 183 3583 gypt0,
194 3527 326 3570 trumentum
339 3523 500 3572 advehebatur,
512 3527 535 3566 ut
552 3531 626 3568 notum
645 3531 686 3576 est,
698 3531 722 3572 et
739 3525 784 3572 iam
796 3527 825 3571 ad
840 3526 862 3570 h.
875 3526 891 3572 Ι.
904 3541 982 3576 mouu-
1070 3555 1071 3576 t

106 3597 144 3628 ere
154 3583 200 3628 alii.
231 3583 341 3631 similiter
349 3581 447 3642 loquitur
458 3580 514 3624 intra
526 3583 560 3637 12,
568 3584 603 3626 43.
635 3581 695 3634 Erra-
1070 3595 1071 3604 ¹
