2186 3850
122 196 255 296 acm
338 241 407 292 era.
433 241 496 290 xrr.
547 240 625 289 car.
651 219 822 290 ‹ts-46.
923 225 994 293 ³31

122 397 186 456 suis
201 403 345 463 metuens,
359 397 447 456 etism
467 397 504 454 ed
518 411 599 469 spem
614 395 737 462 trahere,
751 401 780 453 et
794 401 803 428 ‘
817 397 997 456 Armeniem‘

121 503 285 562 ostentare,
299 504 307 529 ‘
320 497 409 569 pulsis
424 497 538 553 Parthis
558 498 656 552 datam
673 495 835 554 Mithridati
849 514 866 552 a
886 493 998 565 semet,'

123 596 334 655 memorando:
355 597 407 652 sed
421 603 429 628 ‘
442 595 503 651 vim
517 594 715 660 differendam,
730 601 760 652 et
784 594 925 668 potiorem
949 595 999 654 do-

123 697 217 760 ‘lum‚
242 694 462 766 quoineautum
488 691 704 765 opprimerent?
737 694 801 751 *lta
827 694 998 752 Rhadamis·

123 796 182 858 tm.
209 793 358 850 simulate·
373 791 512 848 adversus
538 798 648 863 patrem
671 792 825 858 discordia,
852 799 998 867 tamquam

124 907 277 950 novercae
290 891 367 948 odiis
390 891 483 964 inpar,
505 889 598 964 pergit
622 892 658 947 ed
683 897 829 964 patruum:
851 895 997 966 multaque

124 993 166 1048 ah
180 1007 218 1047 eo
236 989 386 1057 comitate,
409 989 441 1048 in
466 988 595 1062 speciem
617 987 749 1057 libertina,
768 993 873 1058 curtus,
895 992 998 1064 primo·

124 1107 174 1148 res
189 1087 395 1146 Armeniorum
408 1089 444 1146 ad
465 1105 511 1145 res
534 1105 627 1145 noves
651 1089 758 1153 inticis,
778 1091 880 1163 ignaro
903 1096 934 1147 et
954 1105 997 1148 or-

123 1194 218 1248 nante
243 1188 363 1261 rumpes
389 1187 570 1244 narsaeus.
612 1187 875 1246 amanuenses
896 1173 1047 1260 speciest

124 1289 297 1361 adsumpta·
312 1303 457 1361 regressus
484 1287 521 1344 ad
545 1292 666 1364 patrem,
689 1293 780 1359 ‘quae
806 1285 906 1342 frande
928 1303 997 1346 con·

122 1387 194 1444 ‘tici
210 1386 365 1459 potuerint,
378 1383 519 1458 prompta’
544 1385 668 1452 nuntiat,
691 1390 810 1442 ‘cetera
833 1383 921 1442 armis
945 1403 996 1444 ex·

122 1482 314 1559 ‘sequenda’
375 1485 499 1542 Interim
534 1485 748 1542 Pharasmanes
776 1483 846 1542 hetti
878 1501 996 1544 caussas

123 1583 287 1656 confingit:
307 1583 485 1656 ‘proelianti
501 1583 558 1641 sihi
577 1583 717 1640 adversus
740 1583 853 1658 Regem
867 1585 996 1644 Atheno-

122 1689 216 1749 ‘rum
231 1689 262 1739 et
282 1683 430 1740 Romanos
443 1682 554 1740 auritio
575 1682 703 1748 vocanti,
724 1683 840 1742 tratrem
861 1685 996 1743 sdversa-

118 1786 214 1848 ‘tnm,
226 1797 348 1856 eamque
361 1781 497 1839 iniuriam
516 1780 634 1839 excidio
656 1780 746 1854 ipsius
757 1785 850 1841 ultum
871 1773 998 1842 iturum?

124 1881 225 1940 Simul
252 1883 371 1954 magnas
397 1880 499 1953 copias
521 1881 583 1940 titio
607 1879 733 1938 tradidit.
754 1881 805 1938 iiie
829 1881 995 1953 innrpticne

121 1979 221 2036 subita
236 1979 376 2044 territum,
389 1986 566 2052 exutumque
580 1979 691 2052 campis
704 1978 906 2048 Mithridaten,
917 1995 996 2037 cem·

122 2077 199 2152 puiit
214 2077 245 2133 ie
265 2080 420 2134 eastettum
434 2077 576 2140 Gorneas,
601 2082 694 2136 tutum
707 2079 774 2132 loco
793 2092 829 2132 ac
850 2078 998 2149 praesidio

119 2175 258 2242 militurn,
284 2174 348 2248 quis
376 2175 495 2232 userius
524 2174 620 2232 Potito
647 2174 824 2239 Praefectus,
852 2175 997 2240 Centurio

121 2275 287 2348 coeperim
302 2279 443 2346 praeemi-
506 2275 595 2332 Niirii
618 2280 680 2330 tam
703 2273 835 2346 karum
857 2275 993 2345 barbaris,

119 2383 223 2450 quana'
237 2373 473 2432 machinamenta
500 2378 532 2430 et
557 2378 637 2444 estus
662 2371 909 2444 oppugnationum
924 2393 945 2428 ε·
962 2379 994 2434 st

118 2473 255 2532 nohisea
269 2489 334 2544 pars
349 2471 472 2528 miiitiae
498 2471 627 2528 maxim
640 2487 731 2544 gnare
751 2477 804 2532 est.
847 2471 893 2528 lta
916 2473 992 2532 Rha·

117 2571 271 2637 demistus,
284 2571 387 2644 trustra
399 2572 447 2630 vei
469 2585 537 2627 eum
557 2570 664 2626 danne
686 2568 807 2626 mutatis
826 2570 993 2632 munitioni·

118 2671 185 2735 hus,
215 2669 359 2726 obsidium
391 2667 518 2742 incipit:
549 2672 589 2735 et,
615 2684 682 2726 curn
709 2667 755 2724 vis
789 2669 992 2744 negiigeretur‚

119 2767 278 2826 avaritiam
291 2767 437 2825 Praefecti
458 2771 629 2835 emereatur,
653 2768 818 2826 obtestante
842 2769 992 2843 Casperio,

121 2873 181 2924 ‘ue
196 2867 293 2924 sosius
308 2865 385 2932 Rex,
405 2883 444 2922 ne
459 2865 611 2932 Armenia,
631 2866 739 2924 donum
761 2867 864 2942 Populi
886 2871 992 2930 Roma·

118 2964 184 3030 ‘uis
208 2966 319 3024 scotere
347 2968 378 3020 et
411 2963 536 3037 pecunie
566 2964 767 3024 verterentur?
831 2969 991 3037 Postremo,

115 3061 185 3137 quia
199 3062 415 3121 muttitudiuem
429 3061 554 3120 hostiurn
570 3063 674 3128 Pollio,
697 3065 774 3122 iussa
795 3067 884 3140 patris
914 3067 999 3123 Rha-r

114 3160 269 3228 damiatae,
281 3162 490 3226 obtendebant,
506 3167 608 3233 pactus
622 3161 764 3230 inducias,
780 3163 922 3227 abscedit,
948 3167 992 3230 ut,

116 3257 175 3315 nisi
191 3259 407 3320 Pharasmanen
422 3260 501 3316 hetto
515 3259 724 3328 absterruisset,
745 3260 785 3318 Τ.
807 3257 991 3317 meidium

119 3357 311 3428 Quadratum,
325 3359 493 3416 Praesident
510 3357 613 3430 Syriae
627 3361 756 3424 doceret,
777 3374 833 3429 quo
856 3356 887 3412 in
913 3361 991 3414 statu

119 3455 283 3520 Armeniae
304 3459 407 3518 terent.
449 3457 591 3531 Digressu
612 3452 809 3518 centurionis,
833 3454 1042 3528 uatutcus746
