2166 3834
95 217 124 264 a.
137 215 172 263 c.
191 217 242 282 ru..
338 215 410 262 uro.
429 215 477 262 11.-
508 215 586 262 car.
604 193 772 264 au-ua.
899 199 970 270 119

91 368 151 428 nisi
166 368 306 444 agrestia,
326 370 365 426 ad
389 369 515 430 subitum
537 389 618 430 usum
628 377 802 446 properata.
817 377 848 430 ut
862 389 971 431 venera

91 466 122 524 in
138 486 257 537 manus,
276 486 336 526 uon
358 471 433 524 ultra
446 469 618 538 dubitatum,
637 488 723 545 quam
737 472 806 528 dum
822 471 972 530 Romanae

91 568 233 624 robertes
246 568 278 624 in
291 583 416 640 aequum
431 567 617 626 eniterentur.
629 575 745 626 venunt
760 575 841 642 terga
852 567 973 636 Cilices,

95 682 189 739 seque
223 666 358 722 castello
389 667 537 722 claudunt.
581 668 702 724 Interim
735 667 805 724 Piso
837 669 1022 734 olassembl

94 762 175 820 baud
191 765 290 835 procul
305 763 517 836 opperientem,
531 766 696 836 adpugnare
710 764 812 822 frustm
824 764 973 822 tentavit:

94 879 302 936 regressusque
316 867 347 918 et
372 881 424 934 pro
449 863 545 928 muris,
560 865 646 920 modo
670 869 763 920 semet
784 864 974 933 adflictaudo,

93 962 183 1018 modo
201 961 332 1035 singulos
356 961 475 1018 nomine
500 961 593 1026 aiens,
615 961 751 1032 praemiis
765 979 886 1028 vocans,
899 961 974 1020 sedi·

94 1059 208 1116 tionem
231 1061 408 1132 coeptabata
430 1061 559 1133 adeoque
585 1066 795 1124 commoverat,
809 1067 840 1116 ut
854 1061 974 1134 signiter

95 1158 224 1230 legionis
248 1161 353 1214 sextae
376 1157 492 1231 signum
515 1160 551 1240 ad
576 1175 642 1216 eum
663 1158 850 1216 transtulerit.
893 1158 974 1216 Tum

97 1255 219 1314 Sentius
239 1263 405 1314 ‘occanere
417 1274 528 1314 eornua
543 1261 693 1330 tubasque,
707 1263 738 1312 et
753 1256 813 1328 peti
826 1273 972 1330 aggerem,

98 1354 194 1428 ‘erigi
222 1353 327 1412 sealas'
355 1355 448 1422 iussit,
475 1365 533 1410 ‘ao
562 1355 805 1428 promptissimum
829 1373 971 1429 quemque

96 1455 299 1522 ‘succederea
333 1454 408 1510 alios
431 1455 582 1510 tormentis
611 1455 718 1519 hastas,
742 1471 814 1512 sexa
837 1461 868 1511 et
891 1455 971 1512 faces

95 1550 272 1626 ‘ingerere’
315 1552 463 1618 Tandem,
475 1552 559 1608 *vieta
583 1553 752 1622 puertiuaoia,
768 1553 837 1610 Piso
864 1553 971 1621 oravit,

97 1651 161 1708 ‘ati
176 1651 293 1708 traditis
308 1651 396 1706 armis
411 1657 541 1706 maneret
564 1651 595 1706 in
619 1653 751 1717 castello,
761 1652 833 1708 alum
854 1652 971 1720 Caesar,

95 1751 164 1806 ‘eui
181 1751 301 1822 Syriam
317 1751 507 1820 permitteret„
521 1746 699 1806 consulitur!
741 1750 809 1805 Nou
836 1753 971 1822 receptae

96 1849 299 1906 eonuiuones:
335 1864 391 1904 nee
419 1848 507 1911 aliud,
531 1863 617 1920 quam
646 1864 739 1903 naves
767 1853 796 1902 et
819 1827 915 1903 ¹tutum
939 1845 970 1902 iu
1020 1843 1026 1854 ”

95 1949 194 2004 urbem
222 1945 281 2002 iter
308 1961 481 2002 conoessum
506 1953 560 2000 est.
605 1947 646 2002 At
675 1945 795 2011 Romae,
821 1940 1023 2018 postquam82

97 2044 271 2102 Germanioi
299 2044 439 2100 ualetudo
473 2042 646 2114 percrebuit,
672 2049 848 2116 sanataque,
875 2049 905 2098 ut
932 2059 971 2098 ex

94 2144 265 2216 longinquo,
280 2148 368 2198 aucta
377 2142 412 2197 in
434 2141 561 2197 deterius
579 2140 790 2204 adferebantur,
804 2141 895 2204 dolor,
909 2139 970 2196 ira:

95 2246 124 2298 et
138 2241 333 2314 erumpebant
347 2224 483 2314 questus:
504 2240 597 2295 ‘ldeo
621 2237 755 2295 nimirum
770 2237 801 2293 in
824 2243 971 2294 extremas

95 2344 208 2396 ‘terras
224 2341 402 2410 relegatum:
424 2338 492 2393 ideo
519 2336 618 2393 Pisoni
644 2337 813 2408 permissam
828 2334 972 2407 provinci-

94 2443 181 2496 ‘am:
207 2439 264 2494 boe
287 2436 384 2508 egisse
405 2441 534 2492 secretos
561 2437 711 2506 Augustae
736 2450 803 2490 eum
829 2433 973 2490 Plancina

93 2540 102 2568 ⁴
115 2543 268 2593 sermones
281 2554 287 2589 :
311 2551 381 2590 vera
396 2551 508 2605 prorsus
522 2535 559 2588 de
575 2533 671 2589 Druso
691 2531 820 2588 seniores
841 2533 971 2588 loeutus:

94 2635 277 2706 ‘displicere
292 2619 501 2705 'regnantibus
530 2630 638 2687 ,civilia
668 2630 795 2696 filiorum
831 2629 970 2701 ingenia:

95 2737 213 2807 ‘neque
241 2733 281 2788 ob
304 2729 383 2786 aliud
411 2729 600 2802 interruptos,
625 2745 710 2800 quam
735 2727 803 2799 quia
829 2727 972 2799 Populum
1026 2759 1028 2764 ·

95 2831 288 2890 ‘Romanum
302 2846 396 2902 aequo
410 2828 472 2884 iure
496 2825 664 2896 complecti.
688 2825 800 2880 reddita
825 2825 969 2892 libertate,

91 2924 316 3002 ‘agitaverint’
357 2926 420 2982 Hos
432 2924 513 3000 vulgi
525 2941 674 2980 sermones
688 2922 785 2978 audita
807 2939 881 2978 mors
896 2925 971 2979 adeo
1042 2935 1047 2941 “

91 3027 237 3090 incendit,
254 3031 285 3082 ut
301 3031 371 3080 ante
391 3023 519 3080 edietum
545 3023 773 3094 magistratuum,
787 3026 855 3076 aute
882 3020 972 3076 Sena·

93 3131 137 3184 tus
165 3125 349 3188 consultum,
377 3125 492 3195 sumpto
518 3118 641 3186 iustitio,
667 3119 869 3174 desererentur
902 3117 971 3184 lora,

120 3297 238 3368 Gerasam
258 3315 356 3376 cumam]
396 3314 491 3362 (insuite
508 3316 634 3372 surreptum
653 3307 760 3356 Sallustio
775 3309 817 3356 est,
837 3304 905 3346 Iussu
925 3300 974 3342 Μι-

88 3375 153 3486 2122·
148 3377 281 3426 commines
296 3388 424 3422 mutauere.
455 3371 519 3430 [Aps.
548 3371 665 3426 ,lnlrsgm
682 3364 713 3410 H.
726 3365 746 3409 l.
764 3363 846 3420 past.
862 3355 973 3428 editura
