2166 3834
135 215 204 264 nc.
223 219 258 264 rs:
363 217 434 263 ara.
454 207 496 263 11.'
542 217 619 265 car.
638 189 806 266 tta-71.
936 197 1005 264 113
1057 285 1058 288 ¹

132 370 240 425 statuit.
271 387 342 426 mox
369 371 490 442 adversa
518 371 689 427 Germanici
715 367 883 428 valetudine
905 371 1005 429 deten-

133 469 183 529 tus,
198 468 249 523 ubi
264 475 428 524 recreatum
442 469 565 540 accepit,
593 477 716 542 votaque
731 487 782 541 pro
804 468 1004 526 incolumitate

134 569 334 628 solvebantur,
363 569 492 622 admotas
521 567 637 630 hostias,
661 567 852 624 sacrificalem
888 567 1005 639 adpara·
1041 597 1043 602 ·

87 643 90 654 ’
132 667 201 726 lum,
235 665 341 720 sestam
375 665 613 721 Antiochensium
648 668 772 737 plebem,
808 683 859 737 per
887 664 1004 722 lictores

131 764 288 834 proturbat.
354 763 433 819 'Pam
464 763 632 820 Seleuciam
657 764 826 836 digreditur,
849 763 1005 836 opperiens

131 862 353 932 aegritudinem,
387 879 461 934 quae
495 879 603 918 rursum
635 863 813 918 Germanico
845 861 1004 918 acciderat:

134 957 264 1015 Saevam
279 960 339 1015 vim
365 961 454 1016 morbi
478 963 603 1033 augebat
617 960 765 1033 persuasio
790 960 905 1026 veneni,
926 957 1004 1014 ari:

131 1073 202 1112 sone
230 1057 366 1128 accepti:
391 1066 421 1113 et
449 1061 666 1131 reperiebantur
694 1061 757 1114 solo
784 1075 819 1114 ac
848 1057 1003 1129 parielibus

72 1159 75 1164 '
131 1163 231 1212 erutae
257 1156 449 1214 humanorum
478 1175 629 1230 corporum
651 1157 799 1232 reliquiae,
822 1155 951 1212 earmina
973 1159 1004 1212 et

128 1254 312 1318 devotiones,
327 1263 357 1310 et
376 1273 482 1312 nomen
498 1255 669 1312 Germanici
684 1255 826 1328 plumbeis
841 1255 946 1310 tabulis
960 1253 1002 1310 in·

126 1356 281 1427 sculptum,
296 1355 414 1410 semusti
428 1355 552 1418 cineres,
566 1371 601 1410 ac
613 1356 680 1409 labe
694 1353 789 1418 obliti,
813 1353 926 1426 aliaque
943 1369 1001 1409 ma·

127 1453 233 1517 leticia,
247 1451 313 1526 quis
327 1453 454 1509 creditur
467 1443 757 1509 animns'nu'minibus
772 1450 892 1508 iulernis
905 1467 1000 1508 sacra·

127 1551 158 1608 ri.
175 1551 262 1606 simul
279 1551 359 1606 missi
380 1567 396 1606 a
411 1551 520 1608 Pisone
543 1553 755 1616 incusabantur,
777 1557 807 1607 ut
822 1531 999 1606 valetudinis

125 1649 250 1706 adversa
259 1649 405 1704 rimantes.
421 1649 465 1706 ila
475 1649 652 1706 Germanico
662 1650 737 1706 haud
749 1647 843 1705 minus
852 1651 903 1714 ira,
913 1665 998 1722 quam
1011 1643 1058 1705 70¹

126 1765 176 1820 per
190 1753 300 1803 metum
316 1754 455 1817 accepta3
477 1749 521 1804 ‘si
548 1747 636 1804 limen
658 1749 845 1811 obsideretur,
861 1747 886 1803 si
909 1746 997 1804 effun-

125 1847 256 1902 ‘dendus
279 1846 394 1916 spiritus
416 1848 470 1902 sub
493 1847 586 1902 oculis
611 1845 794 1903 inimicorum
816 1845 907 1915 loret3
927 1844 997 1919 quid

58 1972 60 1977 ·
123 1943 249 2000 ‘deinde
280 1945 455 2000 miserrimae
480 1941 621 2017 coniugi?
647 1944 715 2018 quid
739 1943 898 2000 infantibus
925 1945 995 2000 libe-

121 2043 180 2098 ‘ris
201 2039 400 2098 eventurum?
423 2045 501 2098 lenta
519 2043 609 2099 rideri
626 2043 770 2100 veneticis
781 2039 791 2097 τ’
811 2041 949 2099 festinare
964 2047 995 2098 et

122 2145 255 2213 'urgere
270 2146 301 2195 ut
316 2140 506 2211 provinciana,
521 2149 551 2196 ul
567 2141 792 2214 legionessolus·
802 2139 917 2196 babeat.
942 2140 995 2197 sed

122 2247 202 2294 ‘nou
218 2255 357 2310 usqueeo
382 2231 527 2295 delectum
553 2239 773 2302 Germanicum,
798 2231 891 2309 ireque
916 2253 995 2308 prae·

120 2337 200 2394 ‘mia
227 2337 330 2392 caedis
356 2339 430 2408 apud
458 2337 678 2394 interfectorem
703 2333 855 2392 mansura)
878 2351 994 2408 compo·

118 2435 164 2492 nit
178 2439 349 2507 epistolas,-‘
362 2435 431 2508 quis
451 2435 615 2494 amicitiam
632 2437 660 2492 ei
684 2430 891 2492 renunciabat.'
935 2435 993 2491 Ad-

119 2535 193 2590 dunt
223 2533 362 2608 plerique‚
396 2534 504 2590 iussum
537 2535 710 2607 ‘provincia
742 2530 904 2590 decedere.’
935 2547 992 2591 nec

119 2631 190 2689 Piso
219 2637 347 2688 moratus
372 2631 445 2688 ultr'a
474 2633 558 2689 navis
585 2633 696 2690 solvit:
732 2634 989 2707 moderabaturque

117 2730 223 2794 cursui,
248 2747 306 2803 quo
319 2729 436 2802 propius
459 2733 665 2804 regrederetur,
679 2731 704 2787 si
730 2747 804 2787 mors
819 2731 990 2789 Germanici

119 2829 238 2902 Syriam
264 2829 432 2901 aperuisset.
493 2829 611 2896 Caesar,
646 2830 801 2901 paullisper
839 2832 875 2886 ad
906 2829 1044 2902 spem7l1

117 2935 243 2992 erectus,
263 2925 342 2991 dein,
367 2927 442 2983 tesso
461 2943 590 2999 corpore,
614 2927 663 2982 ubi
685 2927 873 2995 linis-aderat,
897 2927 995 2989 adsis..

35 3051 39 3060 ’
116 3038 216 3090 lentes
230 3033 342 3089 amicos
354 3032 385 3089 in
406 3034 484 3090 bunc
509 3035 624 3090 modum
649 3034 825 3106 adloquitur:
847 3035 901 3092 ‘Si
927 3035 987 3091 lato

114 3132 341 3197 ‘concederem
374 3130 471 3188 iustus·
492 3131 564 3187 mibi
597 3133 688 3196 dolor,
721 3132 810 3188 etiam
845 3133 993 3216 adversus

114 3231 228 3296 ‘Deos
252 3234 340 3297 esset,
363 3231 439 3303 quod
466 3247 513 3286 me
536 3229 711 3302 parentibus,
732 3229 845 3296 liberis,
865 3229 996 3300 patriae„

143 3404 268 3462 Otllm'm
276 3403 459 3465 egritudinem
483 3402 698 3460 Intelligeeoentum
705 3397 784 3444 morbi.
802 3393 885 3472 4Εντι..

152 3503 223 3546 ror..
245 3503 275 3543 r..
549 3478 614 3538 10'lv
