2172 3842
297 495 510 557 munitm
548 495 817 552 soml‘nonvut

542 764 583 805 nl:

231 992 460 1074 TAOITO
519 991 897 1073 TESTIMONIA

436 1266 511 1322 vnn
528 1247 695 1320 nivenen

466 1522 667 1566 ruoilum

135 1703 214 1769 eun.
239 1701 315 1766 nto.
340 1699 423 1764 vii.
441 1699 518 1764 uit.
536 1701 612 1764 nist.
627 1719 700 1786 cap.
717 1699 818 1764 xv1.
848 1697 997 1783 (xvii.)

136 1827 201 1905 Issi
226 1867 278 1904 non
303 1849 411 1918 pridem
432 1849 548 1904 vidimus
571 1850 667 1904 cedem
686 1851 776 1918 omnis
796 1851 823 1902 in
843 1848 897 1901 fillo
919 1850 1000 1901 (loru.

135 1933 235 1996 Taciti,
248 1937 349 2002 equitis
362 1932 397 1983 R.
408 1931 515 1986 Galliae
527 1933 655 2003 Belgicae
668 1937 787 1988 rationes
800 1936 977 2004 procurantis.

283 2080 403 2144 Plinius
428 2079 541 2164 Nepos
557 2080 612 2144 lib.
631 2083 675 2144 11.
701 2081 809 2167 Epist.
828 2081 855 2144 1.

168 2205 304 2260 Laudatus
316 2213 359 2258 est
372 2203 514 2272 Verginius
527 2221 544 2256 s
560 2204 676 2260 Consule
696 2205 775 2260 Corn
795 2205 902 2260 Tacito.
930 2205 1002 2260 Nam

134 2295 178 2348 liic
191 2295 322 2348 felicitati
333 2297 390 2346 eius
400 2309 539 2362 supremus
551 2297 672 2349 cumulus
682 2297 806 2358 accessit,
816 2295 939 2350 laudatos
947 2297 1002 2350 elo-

137 2387 335 2454 quentissimns.

328 2530 454 2594 nonem
470 2531 565 2606 inm,
581 2503 720 2615 Epistol.
739 2533 803 2598 xi.

169 2657 319 2724 Respondit
338 2656 478 2710 Cornelius
491 2657 603 2710 Tacitus
623 2661 853 2728 eloquentissime,
873 2665 911 2722 et,
935 2661 1003 2730 quod

137 2747 265 2800 onimium
276 2747 392 2800 orationi
405 2747 462 2798 eius
475 2748 555 2808 inest,
569 2769 657 2814 capies.

367 2893 467 2958 Libro
484 2895 548 2958 lv.
567 2893 674 2981 Epist.
692 2895 774 2961 XV.

170 3017 246 3071 ldem
258 3018 415 3093 Cornelium
427 3019 563 3082 Tacitum,
577 3025 627 3076 sois
636 3039 717 3094 quem
731 3025 826 3087 visum,
840 3030 917 3080 ancta
928 3025 1006 3079 lami·

138 3107 257 3160 liaritate
274 3109 431 3175 complexus
449 3113 508 3162 est

355 3255 455 3319 Libro
471 3257 535 3326 Vl.
561 3259 665 3343 Epist.
685 3261 786 3323 xvi.

171 3379 248 3434 Petis
260 3385 292 3434 nt
305 3383 437 3436 avunculi
446 3383 501 3434 mci
521 3385 625 3437 exitum
640 3384 698 3436 tibi,
712 3385 837 3439 scribam,
850 3397 910 3446 qno.
920 3379 1009 3427 venius

133 3469 247 3525 tradere
268 3471 386 3538 posteris
407 3474 499 3538 possis.
545 3471 655 3523 Gratius
671 3486 729 3536 ago.
748 3483 809 3520 nam
826 3466 905 3516 video
927 3461 1010 3510 morti

178 3579 251 3622 von.
273 3580 296 3619 ι.
582 3562 611 3618 D
1020 3601 1054 3704 1*
