2166 3834
91 228 161 296 tut
298 287 301 292 .
397 249 594 318 „annaurim
815 251 891 300 nv.
908 257 961 300 aa.

87 409 95 436 ⁴
108 401 165 474 ⁸1⁸3
186 419 259 477 quae
274 403 377 477 Oppiis
397 405 541 478 quondam
555 404 679 479 aliisque
692 405 806 479 tegibus
820 405 961 462 constric-

87 510 168 570 ‘tae‚
192 521 270 560 nunc
295 504 402 560 vinciis
425 504 567 560 exsolutis
601 505 713 571 dumos,
736 505 808 571 tora,
836 505 897 561 iarn
929 509 961 560 et

35 591 76 650 34
89 609 96 634 ‘
110 604 258 662 exercitus
282 600 434 678 regerent?
474 603 638 660 Paucorum
664 605 738 660 baec
760 605 887 661 adsensu
911 621 960 660 au·

87 703 159 770 dita,
173 704 268 776 plures
280 704 483 768 obturbabant,
497 707 506 736 ⁴
520 719 614 776 neque
638 705 761 759 relatum
775 703 813 758 de
829 703 959 776 negotiu,

88 809 96 836 ‘
111 821 204 876 neque
220 802 380 859 Caecinam
393 802 513 876 dignum
534 806 633 858 tantae
649 801 691 857 rei
704 799 877 857 censorem!
891 819 960 858 mun
1077 839 1078 864 t

88 901 226 958 Valerius
241 902 438 967 Messatiinna,
449 899 498 956 cui
520 917 623 973 parens
639 901 790 964 Messalla,
805 900 961 973 ineratque

88 1003 185 1076 imago
198 1007 335 1074 paternae
349 999 513 1065 facundiae,
527 999 695 1072 respondit:
717 1006 725 1032 ‘
741 999 837 1056 Multa
852 998 959 1056 duritie

89 1109 96 1134 ⁸
112 1107 243 1158 veterum
267 1101 298 1158 in
314 1098 416 1156 metius
433 1105 463 1154 et
478 1098 582 1155 laetius
604 1103 736 1154 mutata:
758 1115 854 1171 neque
869 1097 959 1166 enim,
1077 1141 1078 1150 ,

88 1209 95 1234 ‘
110 1207 141 1258 ut
154 1202 234 1268 otim,
244 1199 371 1260 obsideri
384 1201 483 1256 urbem
496 1199 591 1266 bellis,
603 1204 653 1274 aut
664 1197 832 1269 provincias
845 1198 961 1254 hostilis
1077 1207 1078 1290 p

88 1308 183 1358 ‘esse
204 1307 234 1357 et
259 1317 351 1372 pauca
375 1299 546 1356 seminarum
571 1297 794 1356 necessitatibus
821 1298 959 1364 concedi,
1077 1299 1078 1322 ¹

88 1409 95 1432 ‘
110 1419 183 1475 quae
193 1419 229 1456 ne
240 1401 397 1472 coniugum
410 1400 527 1473 quidem
542 1399 678 1464 Penates,
691 1397 765 1452 ude'o
786 1396 885 1452 socios
898 1414 958 1454 non

87 1503 247 1567 ‘onerent3
268 1505 367 1554 cetera
391 1496 554 1570 promiscua
576 1514 643 1554 cum
668 1496 780 1561 marito,
795 1513 852 1552 nec
867 1497 959 1552 ulium
1077 1533 1078 1566 p

87 1600 141 1658 ‘in
161 1598 292 1671 eopacis
307 1597 556 1670 impedimentum.
598 1597 791 1667 Belia-piane
812 1593 958 1652 accinctis
1077 1577 1078 1672 1

87 1699 258 1758 ‘obeunda:
296 1699 349 1754 sed
382 1697 594 1754 revertentibus
615 1701 679 1768 pust
709 1696 849 1760 laborem,
880 1695 957 1768 quod

86 1805 95 1831 ⁴
108 1798 267 1866 honestius,
278 1815 364 1871 quam
377 1796 509 1854 uxorium
524 1791 741 1852 levamentum?
764 1795 806 1850 At
816 1795 958 1868 quasdam

86 1899 140 1956 ‘in
167 1896 357 1954 ambitionem
380 1901 431 1952 aut
454 1895 608 1952 arantium
636 1896 794 1967 prolapsas.
851 1885 958 1965 Quid?
1077 1877 1078 1882 ἵ

88 1999 237 2074 ‘ipsorum
283 1996 501 2070 magistratuum
535 2013 634 2052 nonne
669 1995 820 2068 pterosque
866 1991 957 2050 variis

88 2208 95 2234 ‘
110 2200 291 2276 provinciam
305 2197 390 2255 mitti.
415 2201 563 2268 corruptos
577 2212 665 2268 saepe
679 2194 873 2267 pravitatibus
888 2207 959 2252 uso·

87 2309 172 2361 ‘rum
186 2301 319 2358 maritos:
341 2313 409 2356 nuru
431 2313 500 2368 ergo
520 2312 622 2352 ornnes
646 2296 775 2352 caelibes
800 2295 957 2371 integrus?

86 2402 253 2476 ‘placuisse
278 2399 423 2474 quondam
448 2394 557 2468 Oppias
592 2395 682 2466 leges,
701 2393 744 2450 sic
778 2396 958 2467 temporibus

87 2499 246 2573 ‘Reipubi
281 2495 509 2571 postulantibus:
539 2494 688 2568 remissum
710 2494 820 2567 aliquid
845 2503 958 2568 postea,

87 2604 138 2655 ‘et
167 2597 339 2670 mitigatum.
369 2596 436 2680 quia
466 2595 637 2668 expedierit.
680 2597 798 2654 Frustra
827 2603 959 2654 nostram

86 2695 258 2770 ‘ignaviam
273 2695 331 2751 atia
346 2695 549 2752 ed.vocabuia
571 2694 738 2751 transferri:
760 2713 827 2752 nam
844 2695 902 2752 viri
927 2697 958 2754 in

87 2801 94 2828 ‘
109 2812 145 2851 eo
159 2795 283 2866 culpam,
298 2793 322 2848 si
337 2793 443 2850 semina
456 2795 571 2850 modum
581 2794 713 2850 excedat.
728 2810 812 2865 porro
819 2795 858 2850 ob
869 2796 957 2852 unius

86 2902 94 2928 ‘
109 2899 158 2952 aut
172 2893 289 2950 atterius
304 2893 483 2950 imbecillum
507 2893 634 2950 anianum
649 2895 725 2949 mate
747 2892 821 2965 eripi
844 2895 957 2952 maritis

86 2991 256 3052 ‘consortia
278 3009 371 3048 rerum
398 2993 589 3048 secundarum
615 2983 868 3066 adversarumque.
913 2995 958 3052 Si·

85 3101 94 3128 ¹
110 3095 166 3150 mut
181 3109 284 3150 sexum
300 3097 401 3146 natura
412 3112 415 3120 ·
425 3091 587 3148 invalidum
610 3091 715 3156 deseri,
726 3099 756 3148 ct
778 3096 890 3165 exponi
903 3099 957 3152 'suo

85 3193 190 3255 ‘iuxta
216 3188 401 3260 cupidinibus
425 3189 538 3244 alienis.
567 3191 618 3246 vix
648 3191 793 3262 praesenti
820 3195 956 3254 custodie

86 3295 226 3345 ‘manere
245 3287 356 3343 inlaesa
379 3285 531 3356 coniugia:
552 3289 620 3360 qnid
643 3289 712 3350 tore.
737 3290 762 3346 si
784 3310 836 3362 per
858 3297 956 3365 piures

24 3446 27 3455 ,
71 3385 247 3447 “unnoain
261 3384 375 3439 modum
389 3381 515 3446 discidii,
530 3386 989 3454 oblitterenturtfficobviam·
1077 3387 1078 3400 ¹

85 3491 96 3528 t
110 3484 186 3544 trent
201 3486 246 3554 iia,
260 3499 333 3560 qaae
346 3480 418 3540 aiibi
431 3491 629 3556 peccarentur.
642 3493 674 3544 ut
687 3487 862 3564 flagitiorum
877 3495 963 3556 urbis
