2172 3842
65 275 122 326 arii
391 269 614 326 PRAEFATIO.

65 429 221 492 aemulatu
244 429 452 494 continuaret.
500 430 610 494 Nerva
633 428 715 493 enim
743 429 861 494 Cacsar
883 450 936 494 rea

66 536 139 598 olim
163 535 381 599 dissociabiles
407 536 587 612 miscuerat,
611 535 820 622 principatum
844 557 882 600 ac
905 537 940 599 li·

65 643 232 706 bertatcm.
279 642 441 705 Publicam
467 642 650 705 felicitatem
671 643 701 705 in
717 643 787 705 dies
803 643 943 724 augebat

67 748 226 833 Trajanus
238 750 257 825 3¹
280 749 452 832 additaque
467 749 670 812 victoriarum
694 750 803 830 gloria,
826 749 869 811 ita
884 750 940 812 im·

66 857 145 941 perii
164 856 240 919 fines
264 856 457 941 proterebat,
474 862 508 918 ut
531 875 699 938 numquam
715 856 807 917 latius
826 855 867 917 sit
885 856 940 918 im·

66 962 246 1048 peritatum.
294 957 498 1024 Uberrimam
530 962 611 1025 banc
642 970 675 1024 et
705 962 940 1024 securissimam

66 1068 228 1131 materiam
258 1068 416 1130 senectuti
448 1087 524 1130 suae
563 1077 748 1152 reposuerat
781 1066 943 1130 Tacitus.8

67 1173 205 1256 Egregia
220 1174 350 1236 consilia
368 1195 450 1236 mors
474 1174 651 1259 importuna
666 1174 804 1259 abrupit.
850 1174 939 1258 lpse,

68 1280 141 1342 dum
159 1279 319 1364 Trajanus
336 1279 500 1342 Orientem
524 1279 613 1342 novis
630 1279 771 1342 victoriis
787 1280 940 1342 lustrabat

71 1388 237 1469 (nusquam
260 1387 343 1448 enim
368 1385 523 1449 Hadriani
549 1393 690 1471 tempora
713 1388 876 1468 memorat)
895 1383 942 1448 vi·

68 1492 171 1556 vendi·
188 1492 281 1554 finem
308 1492 396 1568 fecit,
421 1511 639 1577 praepropero
665 1491 730 1554 iatn
752 1481 937 1577 oppressus.

69 1599 117 1661 At
133 1599 163 1661 in
187 1599 277 1660 brevi
300 1598 486 1660 mortalitate
509 1598 657 1680 longioris
673 1599 757 1660 vitae
774 1598 940 1660 celebrita-

68 1713 131 1767 tem
148 1704 357 1790 impleverat:
380 1705 461 1771 civis
484 1705 633 1790 optimus,
656 1705 754 1768 literis
770 1712 803 1766 et
819 1705 941 1789 sapien·

69 1811 112 1873 tia
128 1812 238 1874 aetatis
255 1831 329 1873 suae
346 1811 516 1896 princeps3
540 1810 682 1873 eamdem
695 1810 818 1885 famam,
831 1829 939 1895 parem
1031 1873 1034 1878 ,
1080 1839 1081 1848 ¹

69 1918 286 1980 auctoritatem
311 1918 395 2002 apud
420 1929 565 2002 posteros
589 1917 728 1980 tamdiu
749 1926 941 2001 retenturus,

70 2043 163 2106 quam
179 2024 232 2086 diu
250 2024 278 2085 ln
295 2023 423 2108 scriptis
440 2045 500 2086 non
518 2024 618 2086 otiosa
628 2025 794 2086 verborum
812 2022 941 2108 prolixi·

70 2141 129 2206 tas,
154 2131 215 2193 sed·
234 2131 337 2193 valida
360 2152 462 2193 rerum
487 2131 776 2213 sententiarumque
800 2130 939 2218 brevitas

70 2238 230 2322 placeblt;
261 2259 354 2321 quam
377 2237 430 2299 diu
454 2237 484 2300 in
508 2257 542 2299 re
565 2237 694 2322 politica
718 2257 820 2308 mures
842 2235 940 2297 homi·

70 2365 153 2418 num,
176 2363 278 2406 rerum
303 2352 466 2418 momenta,
491 2343 643 2406 libertatis
666 2350 698 2404 et
721 2341 940 2404 dominationis

70 2458 327 2535 temperamenta,
351 2450 436 2512 varia
458 2457 491 2512 ct
514 2451 717 2512 saluberrima
740 2470 797 2534 pro
820 2457 940 2534 tempo·

69 2577 138 2620 rum
154 2566 388 2639 eventuumque
411 2557 564 2620 varietate
587 2556 699 2639 agendi
715 2555 853 2631 consilia,
870 2573 940 2618 nos·

72 2684 145 2726 cere
161 2664 221 2725 erit
238 2663 385 2748 pretium.

114 2770 208 2836 Haec
221 2769 348 2852 quidem
366 2789 437 2832 curn
454 2787 653 2831 recenserem
669 2768 812 2850 graviora
828 2766 937 2830 Taciti

72 2876 185 2951 studia,
193 2875 283 2938 omisi
294 2875 412 2937 leviora
423 2875 486 2936 duo
496 2874 566 2957 ejus
576 2895 687 2958 opera:
701 2875 829 2936 alterum
839 2874 938 2937 Face·

71 2982 150 3057 tias;
166 2983 295 3044 alterum
309 2981 476 3062 Dialogum
489 2981 529 3041 de
543 2980 742 3042 Oratoribus.
779 2979 937 3057 Facetias,

72 3088 240 3170 Fulgentio
256 3087 468 3151 Grammatico
485 3094 679 3161 memoratas,
703 3087 782 3148 sorte
800 3086 937 3166 collegit,

73 3195 146 3258 dum
165 3195 330 3259 literarium
348 3193 577 3280 supellectilem
595 3193 735 3278 parabat,
752 3194 802 3255 vel
833 3193 945 3256 subse-

73 3302 153 3365 civis
174 3302 269 3378 horis,
294 3311 327 3366 ut
354 3301 458 3365 taedia
480 3301 584 3362 otiave
608 3300 740 3362 falleret.
787 3299 938 3375 Periere3

72 3431 130 3452 ”⁰⁰
159 3429 302 3492 magnum
328 3417 378 3472 est
409 3427 514 3469 earum
535 3401 749 3468 desiderium.
796 3405 834 3469 ld
857 3407 939 3469 enim

206 3580 254 3628 Vit.
268 3579 340 3638 Agric
357 3593 406 3639 cap.
417 3580 440 3624 3.

207 3659 268 3709 ilict.
281 3660 299 3719 1,
312 3662 330 3708 1.
343 3669 469 3720 supremum
484 3653 540 3703 illud
551 3651 667 3701 monilium
676 3657 795 3702 memorat.
