2134 3826
87 181 133 250 16
396 201 581 254 annuarum
810 207 842 256 a.
859 172 957 256 vssrsr.

85 356 159 416 ‘rlte
183 357 321 416 nuberet:
345 358 382 431 Q·
406 359 499 420 'Pedii
512 363 543 416 et
570 357 662 418 Vedii
690 357 835 422 Pollionis
856 361 959 418 luam:

85 462 93 490 ‘
112 465 257 530 postremo
270 457 369 526 Livia,
379 459 478 532 gravis
488 459 518 516 iu
529 459 743 531 rempublicam
755 465 858 527 muter,
867 458 966 534 gravis

86 557 205 614 ‘domui
215 557 373 617 Caesarum
382 575 518 614 noverea.
535 558 608 616 nibil
621 560 738 616 deorum
750 559 910 624 honoribus
919 577 961 622 re·

84 656 217 723 ‘liutum‚
230 673 298 714 cum
312 675 344 713 se
365 657 482 728 templis
502 661 533 713 et
553 657 648 728 effigie
664 656 812 714 numinum
837 676 890 730 per
913 657 961 716 ssa·

85 755 199 814 ‘mines
210 762 239 812 et
255 756 419 812 sacerdotes
431 755 490 813 noli
505 758 608 812 vellet.
623 774 661 812 ue
676 757 828 814 Tiberium
844 757 960 830 quidem

85 854 230 912 ‘caritate
245 862 293 912 aut
308 855 349 911 rei
362 837 494 926 panitiae
504 871 571 912 cura
584 873 780 912 suceessorum
795 856 957 914 adscitum:

85 954 304 1027 ‘sedquoniam
325 953 524 1026 adrogantiam
539 955 751 1028 saevitiamque
770 955 832 1012 eius
854 956 958 1012 intros-
981 951 990 978 ¹

84 1053 229 1126 ‘pexerit
248 1054 466 1125 comparatione
479 1053 632 1110 deterrima
654 1053 708 1112 sibi
736 1055 857 1127 gloriam
871 1071 956 1128 quae·

84 1149 231 1210 ‘sivisse’
272 1151 391 1210 Etenim
409 1154 564 1226 Augustus,
589 1153 955 1224 uauuisanteannis‚uum
1044 1178 1045 1238 r

85 1251 426 1310 Tiberio'l'ribuuioiam
441 1258 613 1324 potestatem
637 1271 653 1308 e
679 1252 813 1308 Patribus
842 1271 952 1317 rursum
1045 1258 1046 1308 l

85 1355 255 1424 postularet,
275 1369 446 1426 quamquam
467 1352 576 1410 bonore
596 1351 737 1416 oratione,
755 1353 898 1426 quaedam
921 1354 958 1410 de

84 1450 183 1508 babitu
198 1453 334 1526 uultuque
348 1456 379 1508 et
391 1450 533 1508 institutis
560 1451 622 1508 eius
643 1450 854 1524 laboraturum
874 1453 957 1510 velut
1048 1494 1049 1518 r

12 1551 253 1612 'llexousandu
289 1551 486 1624 exprobraret.
540 1550 677 1608 Ceterum
706 1551 853 1621 sepultura
877 1567 958 1608 mora
1049 1572 1050 1586 ¹

83 1650 221 1724 perlecta,
240 1651 379 1724 templum
397 1655 427 1708 st
450 1653 594 1708 coelestes
618 1649 773 1722 religiones
796 1649 958 1708 decernun-
1050 1652 1051 1660 ’

84 1755 139 1810 tur.
180 1750 293 1808 Versae
308 1749 377 1808 iude
388 1750 426 1808 srl
441 1748 594 1806 Tiberium
609 1766 718 1822 preses.
760 1749 799 1806 Et
813 1747 863 1809 ille
873 1749 957 1809 varie

82 1850 260 1907 ‹lisserebatz
281 1852 318 1908 de
344 1847 544 1924 magnitudine
568 1847 692 1922 imperii,
712 1865 764 1906 sua
788 1848 952 1919 modestia;

83 1951 191 2005 ‘solam
205 1948 269 2006 divi
284 1948 408 2021 Augusti
423 1953 551 2008 mentem
566 1953 664 2006 tantae
684 1947 769 2004 molis
791 1939 956 2020 uapauenir

85 2055 145 2114 ‘se‚
164 2050 195 2106 in
208 2054 317 2120 partem
332 2065 463 2106 curarum
476 2050 514 2105 ab
537 2048 590 2106 illo
614 2052 751 2104 vocatum
775 2045 960 2119 experiendo

89 2148 258 2217 ‘didicisse
288 2165 373 2222 quam
395 2147 524 2214 arduum,
544 2163 630 2221 quam
649 2145 811 2204 subiectum
824 2146 958 2219 tortuose

86 2249 225 2323 ‘regendi
239 2254 347 2306 cuneta
360 2263 440 2304 uuus.
464 2245 584 2320 proinde
599 2245 629 2303 iu
652 2245 785 2314 civitate,
805 2251 848 2304 tut
868 2245 959 2304 iulus·

86 2349 197 2406 ‘tribus
212 2347 283 2405 viris
297 2345 431 2413 subnixa,
446 2362 506 2402 uou
525 2345 562 2402 ad
577 2363 665 2404 unum
679 2345 778 2404 omnia
792 2346 957 2404 deterrent:

116 2523 218 2578 Templis
235 2526 255 2567 rt
272 2521 342 2580 effigie
352 2519 484 2579 numinum]
524 2519 612 2578 Magna
630 2524 654 2565 et
672 2518 748 2566 insana
767 2520 872 2567 ambitio:
888 2534 958 2581 quam

85 2583 189 2642 exemplo
201 2581 303 2627 Herculis
313 2584 336 2623 et
348 2579 423 2624 Liberi
434 2579 503 2648 patris
513 2593 618 2626 excusare
635 2584 709 2624 tamen
720 2579 809 2626 videtur
817 2585 838 2635 4,
853 2581 888 2626 38.
906 2594 958 2626 uua·

85 2648 129 2688 ter.
161 2641 204 2686 Sed
218 2644 328 2696 angiistns
338 2639 411 2684 adhue
421 2653 491 2696 vivus,
511 2645 535 2684 et
551 2638 663 2684 hominem
678 2639 776 2694 fungens,
792 2639 814 2685 in
834 2639 958 2701 provinciis

85 2715 134 2746 esse
143 2699 230 2759 colique
240 2697 310 2742 voluit
321 2711 362 2756 pro
377 2699 434 2751 deo;
450 2697 472 2742 in
490 2697 615 2766 provinciis,
625 2711 668 2742 nou
678 2696 700 2741 in
712 2697 785 2752 ltalia,
806 2707 846 2743 aut
860 2698 957 2744 Romae.

86 2760 178 2806 Sueton.
193 2761 230 2804 52
247 2757 276 2802 de
286 2755 340 2801 urbe
350 2758 393 2802 alt:
410 2756 534 2803 Dloetram
544 2757 573 2802 de
586 2757 696 2810 ltaliam,
712 2758 748 2803 2⁰.
779 2757 845 2807 Quod
864 2757 962 2804 Tacitus

85 2817 162 2865 scribit
181 2815 387 2876 effigienuminume
405 2816 467 2860 valet
486 2815 508 2861 in
527 2829 576 2862 eam
597 2822 702 2868 ruentem,
718 2821 743 2862 ut
762 2816 824 2873 sigua
850 2816 957 2875 adposita

86 2877 182 2935 Arrguati
191 2875 270 2922 statuis
290 2875 349 2921 sint:
366 2889 424 2935 quae
434 2875 507 2920 solent
526 2875 631 2920 deorum:
648 2881 709 2934 putu,
726 2875 808 2928 radius,
826 2877 897 2928 basta,
912 2875 960 2922 lul·

86 2951 144 2982 men.
177 2938 259 2982 huuau.
269 2939 291 2986 7,
301 2936 351 2979 458.
383 2933 530 2980 Fulminibus
540 2948 620 2986 monas,
627 2934 742 2992 rudibrqua
753 2934 842 2980 ornabit
851 2939 871 2980 et
879 2935 959 2981 astris.

87 2994 166 3053 ltaque
181 2992 249 3038 Numi
260 2991 327 3036 etiam
344 2992 418 3042 hodie,
435 2991 543 3050 inquibus
556 2993 648 3048 Augusti
657 2997 724 3051 caput
734 2993 853 3040 radiatum.
886 2998 917 3038 At
928 2995 962 3040 de

86 3050 224 3096 Fluminibus
234 3055 258 3094 et
266 3049 417 3096 sacerdotibus
429 3049 530 3106 alrami,
558 3049 608 3095 l'eua
619 3051 695 3096 omnia
705 3051 849 3109 monimenta,
865 3057 888 3097 et
898 3053 962 3112 puti-

86 3109 278 3154 dumsitrelerre.
310 3107 370 3152 Vide
379 3107 480 3166 pluscula
499 3107 521 3152 in
555 3123 625 3153 xcurs.
657 3107 757 3165 crbtpn

125 3185 216 3232 Habitu
231 3183 442 3251 cultuque-eiua]
475 3185 511 3230 Ad
537 3185 637 3232 habituro
657 3193 759 3246 speotant
783 3188 839 3236 haee
864 3188 962 3238 Sunion.

87 3243 139 3289 Tib.
151 3259 169 3289 r..
181 3245 217 3290 68.
248 3241 364 3288 Incedebat
382 3251 464 3286 comte
477 3243 555 3298 rigam
565 3247 585 3288 et
596 3244 684 3300 obstipa,
699 3245 795 3293 amaru
806 3248 861 3303 fure
880 3249 961 3308 subu,

85 3303 214 3360 plerumque
232 3301 320 3353 lucitus,
331 3305 374 3345 eto.
408 3299 476 3344 audit
495 3314 535 3358 pro
552 3301 634 3347 Tacito
653 3303 735 3348 etism:
751 3305 817 3357 Quae
829 3307 905 3353 urnrra'u
923 3308 967 3355 irr-

85 3365 159 3416 grotu,
172 3366 191 3404 el
200 3357 342 3414 arrogantius
351 3359 425 3413 plenu,
442 3357 600 3404 animaduertit
609 3363 735 3417 Augurum,
751 3368 772 3408 st
780 3379 884 3412 armrrors
892 3369 967 3413 tanta.

87 3418 120 3462 ur't
129 3417 256 3475 meprupuul
264 3415 370 3461 Senatum
378 3421 397 3460 et
406 3415 518 3470 munium.
552 3418 583 3461 at
599 3431 627 3461 ue
641 3419 696 3463 haee
707 3420 735 3464 ad
747 3422 865 3470 hobitum
880 3425 903 3470 in
913 3428 968 3472 ml.

88 3479 113 3518 tu
122 3477 170 3522 eius
179 3477 233 3536 quid
242 3473 342 3522 notabile
351 3479 393 3520 aut
402 3486 516 3530 arrogans,
535 3430 597 3522 brui
604 3489 661 3520 nrrnu
670 3478 760 3526 memini
771 3481 853 3536 legere.
895 3481 964 3544 βίῃ,
