2172 3842
152 119 164 152 Ι

450 213 675 272 rnsnrsrrc.
717 205 721 216 '
962 227 1001 280 :r
1069 221 1070 230 ‘

124 333 214 438 lentis
237 374 449 460 operosisque
474 375 694 452 moliminibus,
722 376 861 463 praeripi
884 377 1002 462 cogitu-
1069 405 1070 426 ¹

122 489 180 544 ret.
201 525 204 528 -
221 481 257 543 ln
276 481 368 546 Urbe
383 481 510 566 pridem
526 481 699 545 invaluerat
714 484 869 566 quaedum
885 483 1002 567 ingeni·

124 609 211 652 orum
228 588 395 650 mollities:
426 587 528 651 lorum
544 607 683 672 quoque,
706 591 890 675 prsevslids
913 589 1001 654 Priu-

125 694 231 780 cipum
253 693 443 758 auctoritate
466 694 611 771 fractum,
633 697 787 758 sveteris
803 697 1001 779 eloquentise

124 801 280 883 gravitate
295 801 337 862 sd
359 800 471 864 diserti
494 802 647 866 sermonis
670 803 843 884 elegantias
864 803 1002 868 deflexe—

124 915 182 970 ret.
223 906 373 983 Tacitus,
386 914 421 970 ut
438 909 705 993 praecellentibus
718 909 851 992 ingeniis
865 911 1002 988 solitum,
1069 925 1070 934 ¹

83 1031 88 1044 ·
122 1033 237 1077 novem
260 1014 329 1076 iniit
345 1016 449 1078 viem:
482 1035 541 1078 uec
565 1025 752 1102 supernatus
776 1015 930 1102 temporis
953 1015 1003 1080 sui

125 1131 283 1195 ornatum,
307 1121 366 1183 sed
389 1121 474 1204 quod
502 1123 587 1207 epud
603 1113 762 1206 ‘antiquos
789 1123 892 1186 lueret
915 1141 1003 1205 egre·

126 1227 212 1309 glum
227 1227 413 1304 aemulatus,
435 1227 607 1313 splendore
630 1231 812 1303 verborum,
836 1228 1005 1294 sententie·

123 1353 194 1396 rum
218 1334 372 1419 pondere,
396 1342 429 1396 et
451 1335 547 1398 totius
571 1337 722 1398 erationis
747 1335 900 1416 dignitate
921 1335 1004 1398 hunc

126 1440 187 1502 sibi
204 1441 329 1524 paravit
344 1439 473 1504 (licendi
491 1441 565 1516 vim,
590 1453 623 1504 ut
638 1463 676 1504 es
696 1449 811 1518 aelate,
828 1463 891 1525 que
906 1442 1005 1507 direr-

124 1551 231 1608 tcrum
261 1546 401 1609 virorum
428 1549 494 1610 luus
522 1547 661 1629 vigebat,
689 1548 770 1633 ipse,
795 1557 831 1611 ut
856 1549 1005 1632 eloquen-

122 1650 280 1726 tissimus,
303 1653 538 1729 celebraretur3
568 1661 747 1737 tentumque
779 1663 923 1724 moueret
952 1653 1006 1716 ud·

126 1757 336 1834 mirationem,
370 1768 405 1822 ut
432 1759 572 1842 juvenes
602 1760 705 1823 laudis
732 1761 871 1846 cupidos
893 1759 934 1824 sd
957 1758 1007 1823 sui

126 1862 332 1926 imitationem
350 1865 513 1929 traheret-¹

174 1970 213 2032 ln
229 1971 292 2032 hoc
308 1971 503 2034 celebritatis
518 1973 628 2047 cursu,
645 1991 716 2036 curn
732 1970 887 2035 honorum
904 1971 1005 2036 incre-

126 2063 276 2139 meuls'u
301 2076 483 2140 Domitiano
504 2078 710 2163 accepisset,⁸
732 2076 1006 2166 quindecimvirali

127 2182 312 2246 sacerdotio
323 2183 498 2269 praeditus,
515 2185 606 2246 simul
623 2193 655 2246 et
672 2194 810 2268 praetor,
823 2184 923 2246 adluit
939 2203 1006 2246 sse·

101 2289 293 2352 *cularihus
327 2291 410 2354 ludis
440 2291 520 2354 sriuo
552 2289 655 2354 Urbis
676 2290 823 2352 conditae
855 2309 1004 2354 ucccxrn

48 2429 50 2435 ·
123 2395 253 2459 editis.²
297 2394 449 2460 'l'acltum
472 2405 577 2472 eutem
601 2397 641 2459 ub
656 2395 785 2482 optimis
802 2395 1005 2481 Principibus

128 2501 338 2586 Vespasiano
361 2501 505 2586 Titoque
529 2503 690 2584 dignitatis
718 2502 805 2565 initis
827 2503 1005 2589 accepisse,

127 2607 260 2672 virtutis
277 2629 351 2672 senc
366 2609 438 2672 soit.
477 2608 576 2682 Quod
600 2609 642 2672 ad
656 2629 756 2672 novos
772 2609 1005 2694 amplioresque

127 2713 269 2778 honores
296 2737 316 2778 e
341 2715 534 2792 Domitium,
566 2717 706 2802 pessimo
723 2714 885 2801 Principe,
910 2713 1007 2778 luerit

128 2830 279 2897 evectus,
296 2823 414 2904 egregii
430 2823 525 2900 illins,
549 2823 634 2905 quud
652 2805 747 2907 seepe
764 2822 833 2907 ipse
849 2841 1006 2885 cummen-

130 2925 246 3002 devit,⁴
260 2929 487 2992 contumaciam
505 2931 585 2994 inter
600 2939 633 2992 et
649 2929 836 3011 obsequium
853 2935 1005 3013 tempere·

128 3034 230 3098 menti
245 3034 344 3098 luisse
359 3034 561 3100 crediderim.
607 3035 724 3118 Neque
746 3034 937 3110 Domitiano,
953 3034 1005 3096 vel

128 3139 216 3204 inter
227 3141 388 3224 flagrantis
402 3145 536 3220 scelere,
548 3143 607 3208 suit
622 3163 769 3225 umquem
778 3141 822 3204 ita
833 3141 1005 3203 absurdum

163 3311 172 3337 ¹
184 3311 243 3359 Pliu.
255 3311 329 3373 Epist.
338 3313 393 3370 Vll,
404 3317 441 3361 2⁰.
745 3309 842 3356 ”Tacit
852 3306 913 3353 Hist.
926 3307 944 3360 1,
955 3308 976 3350 1.

162 3392 263 3440 ³Tscit.
277 3394 358 3442 dunel.
369 3393 413 3449 xl,
425 3397 460 3440 ll.

161 3471 262 3521 ‘Terin
271 3471 321 3520 vit.
332 3472 410 3532 Agric.
421 3486 471 3532 cap.
486 3475 523 3520 42.
554 3470 618 3518 idem
628 3478 715 3528 quoque
726 3461 808 3512 dunel.
820 3458 862 3545 lv,
871 3458 909 3512 2⁰,
919 3459 943 3500 et
952 3452 1008 3500 ⁸1⁵⁰·

130 3545 211 3593 nepe.
