2186 3850
49 179 54 186 '
109 235 241 286 nous.
328 235 398 282 urs.
423 237 485 286 ιιι.
537 237 616 286 cnr.
643 215 812 288 oo.-uu.
881 201 984 289 '345

112 386 193 462 gitur
208 384 314 442 artifex
328 389 439 453 tatium.
465 393 609 450 vocabulo
621 391 754 462 Locusta,
769 397 871 468 'nuper
897 411 986 452 vene-

113 485 177 544 ticii
190 486 337 553 damnato,
351 484 381 542 ei
405 483 455 541 diu
469 483 545 542 inter
558 491 751 548 instrumente
771 492 853 566 regni
876 492 985 549 habits.

113 584 189 644 Eius
204 582 333 640 mulieris
353 575 474 657 ingenio
492 587 623 657 puratum
639 585 727 654 virus,
754 579 836 644 cuius
856 590 989 646 minister

115 683 326 756 espndonibus
353 682 408 740 tuit
423 680 555 749 Halotus,
574 684 680 742 inferre
708 689 818 758 sputos,
839 690 869 743 et
889 687 991 759 euplo²

120 799 187 840 rore
215 787 301 856 gustu
328 781 439 838 solitus.
493 782 643 856 Adeoque.
665 789 772 842 cuncto
792 801 861 843 mox
888 789 1039 857 perone?

115 888 208 948 tuere,
231 887 263 938 ut
288 881 588 954 temperantium
611 883 766 956 scriptores
799 883 991 956 prodiderint·

115 979 264 1038 ‘intusum
290 980 542 1038 detectabiticibo
566 983 727 1038 boletorum
747 997 904 1047 venenum,
931 999 988 1041 nec

116 1080 217 1136 ‘vim'
236 1078 439 1136 medicaminis
466 1079 564 1136 stetim
592 1079 799 1146 intettectonn·
817 1079 989 1138 socordiane

114 1177 257 1236 ‘Claudii
283 1195 320 1235 sn
346 1176 532 1235 vinolentia?
553 1179 637 1236 simut
658 1182 752 1236 sotutn
778 1181 862 1236 uivus
885 1181 989 1238 subve-

115 1277 199 1335 nisse
216 1275 395 1334 .videbntur.
439 1276 529 1350 igitur
561 1277 702 1334 exterrito
737 1277 911 1352 Agrippina,
947 1284 988 1348 et,

116 1375 237 1450 quoodo
281 1375 383 1432 ultime
425 1375 610 1442 timebantur,
654 1383 750 1449 spreta
793 1376 988 1450 praesentium

116 1473 244 1541 invidis,
271 1473 418 1546 provisum
451 1473 509 1532 inm
545 1475 602 1532 sibi
637 1475 842 1549 Xenophontis
880 1477 988 1535 medici

118 1572 333 1630 conscientium
370 1572 499 1630 adhibet·
542 1575 618 1642 Ilte‚'
640 1579 786 1650 tamquam
814 1575 893 1634 nisus
920 1585 990 1634 'evo-

75 1701 78 1708 =
118 1672 229 1730 mentis
269 1672 431 1741 adiuvaret,
479 1672 609 1746 pinnum,
641 1674 742 1747 rapido
760 1683 888 1733 ‘veneno
923 1675 990 1734 iuli·

118 1775 192 1836 tum,
217 1770 348 1829 saucibus
374 1771 436 1828 eius
463 1772 615 1828 demisisse
642 1773 790 1841 creditur3
811 1775 887 1828 bend
909 1774 990 1845 ignc-

119 1887 179 1936 rus‚
214 1885 325 1926 summo
365 1871 477 1926 scetere
511 1869 603 1944 incipi
630 1887 697 1928 curn
724 1869 862 1943 periculo,
890 1869 989 1944 peregi

114 1987 185 2026 cnm
202 1970 349 2040 'eruendo
392 1969 562 2027 Vocabatur
590 1969 709 2024 interim
738 1969 877 2032 Senatus,
909 1967 1043 2027 vote-'tid

119 2083 178 2142 que
188 2065 441 2142 proincolumitote
465 2063 609 2142 Principis
630 2057 772 2124 Consules
796 2071 826 2124 et
851 2065 991 2123 Sacerdo-

119 2170 168 2224 tes
182 2169 398 2238 nuncupabnnt‚
419 2183 485 2224 oum
507 2167 565 2223 ium
579 2165 723 2222 exanimis
746 2164 875 2221 vestibus
899 2171 928 2220 et
951 2165 991 2222 io·

119 2265 229 2324 mentis
249 2243 442 2339 obtegeretur,
465 2267 533 2327 dum
553 2282 597 2322 res
617 2265 758 2321 firmando
783 2261 910 2320 Neronis
935 2264 992 2322 lm·

120 2363 205 2438 perio
229 2357 449 2437 componuntur.
512 2365 575 2422 lnm
600 2363 722 2436 primum
744 2362 918 2436 Agrippina,
942 2379 992 2419 ve·

121 2465 167 2521 lut
181 2463 282 2519 dolore
307 2462 397 2530 victe,
421 2468 452 2520 et
475 2461 587 2520 solatis·
603 2462 787 2536 conquirens,
810 2468 910 2518 tenere
934 2477 992 2517 sm·

121 2563 213 2636 plexu
242 2560 454 2629 Britannicum,
480 2577 573 2620 mom
593 2558 784 2636 paternionis
807 2557 924 2636 ffgs'em
944 2559 993 2616 sd·

122 2659 245 2734 peitate,
278 2675 313 2716 sc
348 2659 437 2716 variis
465 2659 572 2720 ortibus
605 2658 757 2722 demorari,
793 2675 829 2714 ne
856 2656 994 2716 cubiculo

71 2796 80 2812 .
123 2758 319 2831 egrederetur.
361 2758 521 2815 Antoniam
535 2774 648 2830 quoque
670 2761 700 2812 et
726 2755 892 2821 Octavium,
917 2773 994 2813 soro·

123 2873 172 2913 res
186 2854 258 2921 eius,
271 2853 405 2922 adtinuit,
429 2861 459 2912 et
487 2861 622 2912 cunctos*
637 2854 731 2911 editus
755 2854 894 2913 custodiis
915 2857 993 2914 ciuu-

122 2959 211 3021 sernt,
225 2955 382 3026 crebroque
404 2955 550 3027 vulgabat,
578 2950 620 3008 ire
641 2950 784 3010 incestius
810 2951 993 3010 oddudinem

124 3049 280 3132 Principis,
293 3069 349 3126 quo
363 3051 447 3110 mites
472 3054 547 3110 bona
570 3051 602 3110 in
624 3069 675 3126 spe
695 3059 803 3128 egeret,
826 3058 995 3126 tempusque

157 3225 295 3288 Boletorum]
326 3223 416 3272 Vilibus
424 3224 531 3286 aucipites
540 3225 601 3282 biugi
610 3229 721 3286 ponentur
739 3222 824 3280 amieis,
840 3280 845 3292 ⁹

327 3283 418 3330 Boletos
427 3284 529 3330 dominoz
547 3285 585 3330 sed
596 3285 684 3345 quidem
694 3281 800 3329 Claudius
809 3281 857 3326 edrt

325 3345 383 3389 ‚inte
393 3341 456 3388 illum
469 3343 551 3398 uxoris,
563 3349 614 3404 post
626 3357 692 3404 quem
702 3341 734 3387 nil
744 3339 839 3397 emptius
849 3337 903 3382 edit.

717 3395 826 3446 Juvenal:
843 3397 890 3444 Sat.
901 3395 931 3443 V.
944 3394 992 3448 lid.

127 3459 190 3512 Vide
198 3460 267 3510 etism
277 3459 335 3508 Plio.
346 3459 423 3513 ΧΧΙΙ.
434 3461 471 3508 22.
482 3459 536 3528 tid.
