2166 3834
123 237 250 298 nnat.
335 209 807 280 nra.111.esr.37.-40.
923 213 990 280 151

123 393 200 452 inter
220 407 253 447 se
275 406 328 461 per
347 386 580 461 ignobilitatem:
605 405 677 461 quae
698 405 800 445 caussa
820 385 885 455 tuit,
905 405 942 444 ue
963 386 994 446 in

123 493 234 550 bellum
256 493 341 544 atrox
366 487 585 544 conterrerem·
599 503 663 558 pars
688 488 805 544 turbant
824 487 995 560 praesentis,

117 590 175 650 ¹alii
198 593 331 646 muntem
361 586 504 642 Haemum
532 584 787 658 transgrediuntur,
816 591 848 642 ut
872 592 996 643 remotos

121 694 247 768 populos
274 688 446 746 concirent:
479 687 595 760 plurimi
621 705 657 746 ac
681 679 809 746 maxime
834 689 997 760 compositi,

123 791 240 862 Regem
264 791 421 858 urbemque
443 773 680 860 Philippopolim,
704 787 909 844 aittsoedone
931 787 998 844 Phi·

123 893 207 963 lippo
234 887 331 949 sitam,
358 885 577 942 circumsidunt.
632 886 715 958 Quae
743 886 792 943 ubi
816 885 934 959 cognita
963 885 995 942 P.
1008 890 1050 950 39

121 986 255 1055 ¹Velleio,
269 982 308 1061 (is
324 983 485 1056 proximum
498 983 661 1040 exercitum
683 985 879 1061 praesidebat)
893 985 998 1041 alarios

124 1088 239 1162 equites
253 1101 289 1141 ao
311 1085 393 1139 teres
407 1083 576 1140 cohortium
588 1082 677 1140 mittit
699 1084 730 1140 in
745 1101 803 1152 eos,
818 1084 866 1157 qui
881 1085 998 1156 praede·

125 1185 226 1253 bundi,
254 1189 304 1240 aut
325 1181 517 1240 ¹rstlsumendis
544 1181 673 1247 auxiliis,
700 1184 889 1256 vagabantur.
931 1183 998 1256 lpse

126 1287 212 1342 robur
228 1281 359 1355 peditum
373 1281 411 1336 ad
430 1280 650 1336 exsolvendum
663 1279 807 1338 obsidium
820 1281 911 1338 ducit.
954 1282 999 1340 Si·

123 1385 245 1455 suntque
265 1385 373 1436 cuncta
394 1395 527 1450 prospere
548 1383 630 1434 acta:
661 1379 755 1436 caesis
776 1379 998 1453 populatoribus,

126 1489 156 1540 st
169 1479 355 1538 dissensione
368 1483 431 1534 ortu
451 1478 526 1549 apud
540 1478 717 1544 obsidentes,
739 1479 884 1553 Regisque
898 1497 998 1552 oppor·

127 1586 197 1639 tune
211 1577 374 1650 eruptione,
389 1581 419 1632 et
432 1577 562 1634 adventu
586 1575 717 1649 legionis,
733 1593 824 1651 nequo
839 1580 933 1636 aciem
949 1583 1000 1636 aut

127 1677 270 1753 proelium
285 1674 346 1732 diei
358 1676 498 1740 decuerit,
519 1674 549 1730 in
571 1691 628 1748 quo
641 1660 797 1732 semermes
816 1693 851 1733 oc
866 1679 999 1750 palantes

128 1774 267 1842 trucidati
281 1777 358 1841 sunl,
372 1773 436 1829 sine
451 1773 550 1830 nostro
563 1773 714 1845 sanguine.

165 1876 283 1934 Eodem
299 1888 378 1928 enno
392 1871 554 1928 Galliarum
569 1871 705 1929 civitates
719 1874 756 1928 ob
771 1870 999 1949 magnitudinem
1011 1882 1053 1940 40

127 1975 202 2032 aeris
232 1970 324 2028 stieni
359 1969 548 2026 rebellionem
575 1981 771 2042 coeptavere:
805 1974 888 2030 cuius
912 1974 1000 2032 exsti·

128 2077 255 2132 mutator
283 2069 449 2135 acerrimus,
476 2069 553 2126 inter
587 2070 736 2128 Treveros
765 2071 856 2128 lulius
887 2071 1001 2139 Florus,

128 2175 204 2246 apud
229 2170 350 2228 Aeduos
374 2168 464 2226 tutius
486 2169 633 2226 Sacrovir.
658 2169 794 2225 nobilitas
809 2171 955 2231 ambobus,
971 2173 1001 2227 st

123 2273 272 2330 maiorum
300 2269 374 2324 bona
401 2266 608 2341 tacta‚·eoquc
637 2267 770 2324 Romana
797 2266 1002 2326 civitasotins

128 2372 207 2434 data,
228 2384 296 2426 eum
316 2365 354 2423 id·
371 2382 474 2426 rarum.
495 2383 550 2422 nec
572 2365 628 2422 nisi
646 2365 752 2422 'virtuti
773 2365 895 2438 pretinm
916 2373 1001 2426 esset.

129 2469 155 2528 li
175 2465 300 2526 secretis
320 2464 491 2538 conloquiis,
511 2463 689 2522 ferocissimo
709 2481 821 2538 quoque
841 2465 1002 2540 adsumpto,

159 2641 188 2688 P.
202 2639 298 2707 Velleio]
330 2639 393 2690 Sunt.
404 2638 441 2700 qui
452 2638 515 2686 illum
525 2638 596 2698 velint
606 2653 661 2690 esse,
671 2639 732 2686 euius
748 2639 1004 2690 Eresisrinmbistcriae

129 2701 151 2746 ic
161 2715 238 2752 manu,
254 2712 345 2752 serrum,
362 2699 452 2743 doctum
467 2698 610 2758 quantumvis
626 2713 689 2758 opus,
706 2701 743 2744 sed
762 2700 851 2760 plenum
869 2701 1005 2749 adulationis

132 2757 354 2810 foedissimorum
364 2771 399 2802 roe
415 2758 490 2816 pudet.
523 2757 571 2802 Nec
586 2756 709 2812 abnuerim,
719 2759 772 2818 quin
790 2758 830 2804 ille
846 2759 883 2805 sit.
914 2761 1004 2808 Meruit

130 2818 223 2863 servitio
230 2823 278 2861 tam
288 2817 388 2876 proiecto
397 2815 461 2860 evehi
469 2815 497 2860 ad
506 2829 540 2860 res
549 2829 645 2874 magnas.
657 2830 789 2877 quamquem
798 2818 896 2864 modicus
904 2821 1002 2876 originis,

130 2881 153 2922 nt
165 2878 213 2936 ipse
222 2874 290 2922 lateri
301 2873 396 2926 videtur,
407 2880 429 2918 et
439 2873 478 2920 diu
489 2879 575 2919 tantum
586 2873 650 2919 'trib
662 2875 771 2922 militnm:
788 2886 865 2936 possen
876 2877 1003 2924 Praefectus

132 2935 168 2980 Ti.
190 2933 297 2979 (laeseris
307 2946 347 2992 per
357 2946 435 2978 novem
445 2947 513 2977 annos
523 2939 562 2978 eut
573 2933 677 2989 legatus,
686 2933 717 2979 ait
727 2935 774 2995 ipse
787 2939 805 2982 l.
817 2939 837 2982 2.
866 2936 1003 2988 Praenomerr

131 2999 207 3038 tamen
218 2991 253 3037 illi
266 2991 288 3036 in
301 2990 396 3046 vulgatis
405 2990 467 3035 libris
476 2997 517 3044 est,
528 2990 609 3036 Caius:
626 3005 667 3046 nec
678 2991 702 3038 id
712 3007 807 3038 moveor,
841 2993 900 3039 Nam
911 2995 1004 3041 Priscia-

130 3065 181 3097 num
196 3055 215 3097 t.
234 3053 256 3096 θ.
278 3050 379 3094 eumdem
391 3049 494 3094 Marcum
512 3051 626 3109 appellat:
643 3056 719 3096 noster
729 3052 764 3096 bic
776 3051 884 3098 Publium.
930 3055 1005 3104 Quam

130 3107 235 3156 conlundi
246 3107 288 3152 illa
299 3107 393 3159 soleant,
404 3109 481 3152 doctus
492 3107 546 3153 scio.
563 3107 625 3165 ln'ps
650 3111 674 3155 lu
685 3110 734 3156 cod.
752 3112 803 3157 MS.
816 3117 849 3155 est
860 3111 883 3156 Ρ
910 3111 1004 3165 Vellaeo,

131 3169 189 3214 unde
201 3166 326 3214 Beroaldus
335 3165 387 3211 tecit
399 3165 511 3212 Velleius.-
527 3179 571 3226 quo
580 3167 717 3214 occasionem
736 3169 786 3215 lruic
803 3175 870 3215 notae
880 3171 955 3214 datum
973 3169 1006 3213 ait

131 3227 179 3273 iac„
192 3227 265 3272 tiron.
298 3225 352 3275 Sed,
361 3239 389 3269 an
410 3223 512 3269 Vellerens
528 3225 589 3270 atiud
600 3239 679 3272 nomen
695 3231 729 3272 est
746 3243 811 3288 quom
824 3225 945 3272 'Velleiusl
968 3227 1006 3271 Sic

130 3285 216 3331 cneius
227 3289 250 3328 et
261 3281 337 3328 Gneus
347 3282 457 3336 scribitur,
467 3289 490 3327 et
500 3283 545 3328 alia
561 3283 670 3329 similiter.
702 3285 807 3330 Ceterum
827 3285 863 3327 vix
881 3283 969 3324 credam
980 3283 1003 3326 b.

128 3342 145 3389 1.
158 3343 332 3398 intelligendum
344 3341 473 3386 historicum
486 3362 490 3385 :
506 3342 612 3400 cumipse
631 3341 687 3386 nibil
699 3343 727 3386 dc
738 3344 780 3387 bac
789 3339 932 3401 supedttioue¹
946 3337 1007 3380 dicct

49 3395 53 3404 '
130 3401 153 3447 in
166 3401 262 3447 historia
272 3415 319 3453 stra,
330 3414 387 3460 quae
397 3403 456 3444 ultra
465 3400 507 3446 hoc
515 3406 600 3460 tempus
611 3399 746 3457 porrigitur:
762 3411 805 3444 non
813 3395 1008 3456 praetermissurus

130 3461 217 3524 utique,
228 3466 254 3507 ut
265 3463 332 3520 putat
342 3458 443 3517 tirellus
450 3459 480 3505 sd
490 3459 513 3505 b.
526 3459 544 3504 t.
575 3456 636 3510 Em,
