2186 3850
116 195 153 244 s.
170 195 252 242 nn.
343 191 414 241 ure.
440 191 518 242 xrrr.
567 193 645 242 ose.
671 171 840 244 28.·-30.
921 178 989 248 371

115 347 213 408 orniui
232 347 372 406 iussisset.
397 349 624 422 comprobavere
643 349 760 420 Patres,
782 350 914 410 incusata
935 353 994 410 Aa·

115 447 193 506 listir'
205 446 327 506 lienrtin.
370 447 464 506 Simul
485 449 622 522 prohibiti
640 449 777 516 Tribuni,
798 451 861 508 ‘ius
876 452 993 510 Praeto-

117 552 206 606 ‘rum
220 553 250 604 et
264 547 425 606 Consulum
448 547 621 620 praeripere,
644 554 693 605 aut
717 566 822 606 vocare
836 568 875 608 ex
896 550 992 619 ltalia,

118 653 208 704 ‘eum
221 645 324 720 quibus
345 649 410 720 lege
430 645 479 720 agi
499 644 614 720 posset.’
658 647 780 706 Addidit
801 649 836 706 L.
852 648 930 715 Piso,
943 652 992 707 ds·

117 744 254 819 signatus
265 745 386 811 Consul,
406 751 464 802 ‘ne
477 745 546 820 qnid
561 745 638 802 intra
651 747 768 804 domum
783 764 834 820 pro
848 752 991 821 potestate

117 843 422 901 ‘animadverterenn
439 861 515 901 neve
530 846 650 902 multam
664 848 701 901 ab
716 845 752 902 iis
766 845 884 913 dictam,
897 847 992 919 Quae·

116 942 351 999 ‘storesaerarii
366 942 397 1000 in
414 942 545 1016 publicas
561 946 682 1010 tabulas,
696 951 765 1002 ante
779 953 899 1019 quatuor
913 963 991 1004 men·

117 1045 195 1107 ‘sea
210 1039 367 1096 retenens:
389 1040 486 1098 medio
500 1042 639 1114 temporis
653 1043 862 1100 contradicere
873 1043 991 1115 liceret3

118 1143 234 1214 ‘deque
248 1158 285 1197 eo
305 1139 449 1198 Consules
472 1139 652 1198 statuerent.’
693 1141 831 1199 cohibita
851 1142 940 1200 artius
960 1147 992 1202 et

117 1238 273 1299 Aedilium
297 1245 436 1312 potestas,
457 1243 663 1312 statutumque,
687 1245 844 1314 ‘quantum
866 1243 989 1310 curules,

115 1343 277 1414 ‘quantum
293 1338 389 1411 plebei
410 1337 539 1411 pignoris
554 1343 702 1430 caperent,
724 1341 771 1395 vel
788 1355 899 1411 poenae
913 1340 988 1398 iuro·

117 1435 265 1512 ‘Bgarent
305 1437 351 1494 Eo
378 1436 534 1494 Helvidius
563 1436 689 1502 Priscus,
714 1437 863 1494 Tribunus
884 1421 987 1510 plebis,

116 1538 259 1595 adversus
274 1534 477 1593 Obultronium
499 1534 650 1600 Sabinum,
669 1535 773 1594 aerarii
788 1537 987 1610 Quaesturam,

115 1635 324 1695 contentiones
338 1635 465 1708 proprias
480 1634 621 1702 exercuit,
649 1641 813 1712 ‘tamquam
827 1638 871 1696 ius
886 1639 987 1696 bastae

115 1737 279 1793 ‘adversus
299 1734 400 1807 inopes
421 1733 614 1791 inclementer
633 1733 770 1809 augeret!
811 1737 889 1792 Dein
906 1736 987 1795 Prin·

115 1852 190 1908 ceps
204 1851 301 1892 curam
322 1835 483 1891 tabularum
504 1834 683 1904 publicarum
697 1851 714 1887 a
730 1833 935 1904 quaestoribus
949 1834 986 1892 ad

114 1933 288 1993 Praefectos
307 1933 463 1990 transtulit.
491 1932 597 1990 .Varie
618 1931 717 1987 habita
737 1947 773 1988 ao
793 1948 881 2003 saepe
894 1932 987 1990 iumu·
996 1928 1038 1985 29

115 2037 180 2092 tata
194 2032 256 2089 eius
270 2032 311 2089 rei
333 2015 433 2088 torma.
456 2048 522 2088 nam
540 2032 687 2104 Augustus
708 2028 838 2102 permisit
854 2029 986 2098 Senatui,

114 2131 246 2206 deligere
267 2131 451 2188 Praelectos:
474 2129 553 2198 dein,
577 2128 686 2186 ambitu
711 2127 908 2201 suffragiorum
926 2145 985 2185 sus·
1040 2192 1051 2210 ⁵

115 2235 215 2306 pecta
240 2235 317 2287 sorte
336 2231 518 2287 ducebantur
536 2245 584 2288 ex,
601 2243 720 2284 numero
739 2227 915 2296 Praetorum,
935 2225 986 2300 qui

11 2329 15 2336 '
116 2334 295 2404 praeessent.
311 2345 406 2413 neque¹
418 2326 448 2383 id
469 2327 519 2383 diu
540 2325 656 2392 mansit,
672 2325 739 2400 quis
759 2343 820 2382 sors
833 2325 986 2382 deerrabat

115 2429 156 2486 ad
177 2443 276 2500 parum
295 2427 427 2484 idoneos.
469 2425 559 2482 Tunc
579 2424 719 2494 Claudius
734 2423 908 2505 Quaestores
928 2441 984 2481 rur·

115 2543 181 2584 snm
201 2525 337 2598 inposuit,
364 2524 467 2598 iisque,
494 2541 532 2580 ne
558 2530 637 2580 metu
657 2519 847 2580 offensionum
867 2521 984 2596 segnius

114 2627 312 2688 consulerent,
333 2630 416 2681 extra
438 2622 569 2680 ordinem
593 2623 716 2678 honores
742 2621 880 2694 permisit.
924 2623 984 2680 Sed

114 2725 217 2786 deerat
232 2725 315 2780 robur
328 2724 434 2780 aetatis
449 2739 515 2780 eurn
536 2721 659 2794 primum
673 2720 871 2794 magistratum
885 2737 984 2817 ospes·

115 2822 310 2880 sentinoso
281 2839 310 2877 r
293 2821 369 2894 rtur
391 2822 472 2878 Nero
496 2820 635 2877 Praetura
660 2819 828 2892 perlunctns
848 2825 878 2876 et
897 2811 984 2893 expe-

114 2919 221 2979 rientia
242 2921 374 2993 probatos
388 2918 507 2993 delegit
550 2917 713 2975 Damnatus
734 2917 837 2976 iisdem
852 2919 983 2978 Consuli-
994 2921 1035 2982 30

115 3020 170 3076 bus
189 3018 351 3092 Vipsanius
376 3020 501 3083 Laenas,
530 3017 587 3072 ‘ob
613 3015 777 3073 Sardiniam
802 3017 983 3090 provinciam

116 3121 223 3174 ‘avere
237 3115 385 3174 habitam’
428 3117 587 3174 Absolutus
608 3115 723 3172 Cestius
744 3115 883 3172 Proculus
904 3132 983 3186 repe·

144 3289 421 3407 Epnrrersormak
370 3291 473 3342 Quaene
489 3285 904 3340 AErraiiosnmmatmlnbrtTaoitus,
914 3284 982 3332 insius

114 3346 175 3396 cxl
205 3354 213 3394 t
254 3351 275 3396 'd
354 3350 398 3395 otis
408 3349 535 3396 mantnano
546 3350 664 3398 a.dAnnal
676 3347 740 3394 Xlll.
759 3350 795 3393 29.
828 3345 862 3392 lbi
873 3345 982 3391 multade

115 3364 243 3468 republicae
252 3407 372 3469 etrnrpsru
380 3409 467 3469 opibus
499 3407 563 3455 3νοί.
