2166 3834
71 269 140 340 162
166 321 168 328 ,
307 299 311 307 ·
397 293 582 346 nuusmvrs
796 295 947 355 syn-rra.

68 445 201 505 adstricti
216 447 301 504 moris
316 453 416 505 auctor
430 451 628 523 Vespasianus
653 447 717 515 tuit,
729 449 849 522 antiquo
875 448 945 519 ipse

71 551 150 606 cuitu
172 528 317 623 victuque.
342 549 510 622 obsequium
549 549 617 606 iude
652 547 682 606 iu
712 548 880 617 Principem
910 552 944 603 et

69 648 236 704 aemulandi
251 665 331 704 amor
345 641 478 714 validior,
493 666 578 722 quam
600 665 693 720 poena
713 665 755 704 es.
777 647 889 719 iegibus
910 653 944 705 et

26 726 29 734 ¹
69 755 172 803 metus.
214 745 280 802 Nisi
301 747 372 802 torte
394 750 477 803 rebus
498 747 612 803 cunctis
627 747 829 819 inestquidam
851 747 942 810 ,vetut

70 845 157 911 orbis,
172 850 214 914 ut,
227 847 466 919 quemadmodum
487 856 646 917 temporum
660 845 750 910 vices,
765 844 806 900 ita
827 860 943 900 morum

70 951 239 1002 vertantur:
263 963 316 1002 nec
332 947 432 1002 omnia
446 947 520 1017 apud
536 947 643 1017 priores
659 945 787 1010 meliora,
807 945 859 1000 sed
876 961 941 999 nos·

2 969 22 1135 ¹¹
67 1049 237 1119 traquoquc
261 1051 341 1102 aetas
361 1047 450 1102 muita
472 1045 564 1100 taurtis
592 1050 621 1100 et
650 1044 766 1107 artium,
793 1042 941 1098 imitanda

67 1144 199 1216 posteris,
221 1129 307 1200 rutis'
338 1127 451 1200 Verum
465 1145 537 1200 haee
553 1142 637 1199 nobis
662 1139 679 1176 i
697 1142 829 1198 maiores.
845 1147 941 1198 certa·

34 1229 42 1276 Ι
67 1243 148 1298 mina
161 1262 198 1298 ex
210 1243 333 1300 honesto
354 1249 500 1316 maneant.

16 1335 56 1391 56
110 1341 256 1406 Tiberius,
271 1342 347 1397 tama
363 1341 567 1398 moderationis
583 1346 673 1412 parta,
688 1341 762 1414 qnod
777 1338 941 1411 ingruentis

69 1447 254 1498 accusatores
279 1447 462 1510 represserat,
484 1437 576 1498 'mitur
602 1441 699 1496 literas
727 1441 762 1494 ad
789 1440 944 1506 Senatum,

68 1538 130 1613 quis
140 1543 299 1612 potestatem
314 1535 512 1594 Tribuniciom
536 1540 631 1596 Druso
646 1539 771 1610 petebat.
815 1537 848 1594 ld
864 1555 941 1594 sum·

68 1655 113 1694 ma
139 1635 247 1707 fastigii
271 1638 445 1694 vocabulum
473 1638 621 1710 Augustus
642 1636 759 1709 reperit,
773 1654 810 1700 ne
837 1635 938 1710 Regis,

69 1741 118 1792 aut
142 1731 299 1792 Dictatorr's
322 1753 427 1794 nomeu
454 1737 626 1802 adsumeret,
641 1753 676 1792 ac
696 1742 791 1792 tamen
812 1736 940 1808 adpetis-

69 1835 151 1892 tione
164 1834 260 1908 aliqua
274 1841 371 1892 cetera
386 1835 507 1907 imperia
522 1835 723 1907 praemineret.
766 1833 808 1892 Μ.
830 1833 942 1890 deinde

69 1934 228 2008 Agrippam
243 1933 363 1998 sociam
378 1935 446 1989 eius-
456 1935 624 2005 potestatis3
646 1933 861 2007 quadrimam,
885 1933 941 2000 Ti-

68 2033 184 2090 herium
196 2033 346 2090 Neronem
357 2032 475 2106 delegit,
491 2051 528 2090 ne
553 2051 703 2090 successor
717 2033 746 2089 in
772 2032 885 2088 incerto
899 2015 951 2087 to?

68 2138 120 2190 ret.
142 2132 185 2190 sic
209 2133 340 2190 cohiberi
355 2149 465 2206 pravas·
483 2133 604 2190 aliorum
618 2151 684 2206 spes
699 2135 829 2190 rebatur:
851 2133 942 2190 simui

68 2232 227 2290 modestiae
243 2233 378 2300 Neronis,
392 2238 422 2289 et
436 2251 504 2289 suae
519 2232 711 2304 magnitudini
725 2233 840 2288 fidebat.
852 2233 941 2306 ¹,an

69 2337 139 2389 tunc
153 2334 289 2404 exempto
304 2331 442 2389 Tiberius
457 2333 582 2388 Drusum
591 2349 720 2388 summac
732 2333 772 2388 rei
784 2333 946 2388 admoveris

69 2448 145 2498 cum,
170 2432 310 2489 incolumi
335 2431 522 2498 Germanicos
546 2431 688 2505 integrum
713 2430 790 2488 inter
808 2431 883 2486 duos
899 2430 947 2486 iu—

69 2530 178 2586 dicium
193 2531 341 2588 tenuisset.
384 2529 596 2603 Sedprincipio
610 2529 768 2588 litterarum
784 2535 942 2586 veneratus

70 2627 161 2694 Deos,
176 2635 183 2658 ‘
196 2634 225 2684 ut
239 2629 363 2684 consitis
377 2645 427 2686 sua
443 2630 531 2702 Reip.
542 2627 758 2702 prosperareut‚’
772 2630 887 2686 modica
902 2631 945 2686 dc

2 2729 7 2738 ’
70 2727 195 2782 moribus
210 2727 414 2794 adolescentis,
430 2747 522 2803 neque
542 2729 572 2784 in
588 2729 689 2784 falsum
714 2734 809 2793 aucta,
823 2728 945 2784 retulit:

70 2831 153 2880 ‘esse
174 2825 218 2881 itti
233 2827 387 2899 coniugem
401 2815 431 2883 et
443 2835 510 2884 tres
525 2827 639 2893 liberos,
661 2843 781 2900 eamque
791 2833 942 2894 aetatem,

70 2937 145 3002 ‘qua
164 2925 226 2996 ipse
248 2927 393 2999 quondam
413 2943 430 2982 a
448 2927 488 2982 D.
517 2929 650 3000 Augusto
670 2928 716 3001 ad,
728 2927 945 2997 capessendum.

70 3030 145 3088 ‘hoc
171 3043 273 3082 munus
288 3030 412 3080 vocatus
433 3025 481 3081 sit.
523 3026 627 3100 Neque
650 3042 728 3082 nunc
743 3043 873 3104 propero,
887 3025 946 3081 sed.

70 3138 140 3197 ‘per
172 3130 240 3180 octo
274 3139 366 3178 annos
399 3129 487 3194 capto
520 3125 739 3196 experimeut0,.
765 3123 946 3195 compressis

69 3221 289 3284 ‘seditionibua
313 3219 481 3289 compositis
507 3222 599 3288 beitis,
624 3223 835 3301 triumphalem.
850 3227 879 3278 et
895 3222 946 3279 bis

16 3318 56 3378 57
71 3315 332 3388 ι(Σοιιευὶεωηηοίί
359 3317 464 3371 latioris
485 3318 657 3390 participem
682 3319 775 3376 sumi.’
816 3321 944 3386 Praece-

70 3423 171 3487 perant
202 3413 306 3471 animis
340 3413 500 3470 orationem
535 3415 658 3485 Patres3
693 3435 749 3490 quo
781 3419 951 3491 quaesitior

69 3512 197 3576 adulatio
217 3511 279 3600 tuit.
304 3527 360 3582 uec
380 3514 477 3572 tames
502 3493 655 3590 repertum,
675 3515 742 3589 uisi,
757 3521 806 3588 ‘ut
828 3518 944 3593 effigies
