2164 3846
121 237 152 288 s.
167 239 198 288 o.
215 241 256 290 aa
338 233 419 286 oar.
444 237 492 287 rr.
541 237 611 286 nra.
640 219 805 288 tle-113.
922 219 996 290 att

117 391 199 450 intra
223 392 293 452 dies
317 391 414 460 tinem,
436 391 561 467 recepit,
582 393 664 468 quari
689 393 805 452 nescius
829 391 997 452 exercendi.

119 489 205 562 Tum
231 491 350 550 'I'anrns
366 492 509 559 Statilius,
532 509 704 568 quamquam
729 498 870 566 provecta
889 495 999 561 ,aetate

117 591 245 666 egregie
260 590 407 648 tolerarit.
449 591 531 650 Dein
546 591 624 659 Piso,
640 591 748 666 viginti
762 607 914 665 persnnoa
929 588 1001 663 neri·

119 691 168 746 ter
182 691 335 763 probatus,
348 689 467 762 pubiioo
489 690 600 757 ionem,
611 707 651 748 ax
670 691 791 748 decreto
805 691 941 756 Senatus,
953 703 1000 747 ce·

118 787 257 860 lebratns
270 794 324 845 est.
365 788 503 846 Relatum
516 787 587 846 inde
600 789 637 846 ad
652 788 786 847 Patresa
806 787 1000 862 Quintiliano,
1014 779 1054 840 lu

119 883 266 946 'l'ribnno
279 888 386 960 plebei,
399 884 432 944 ds
444 883 517 944 libro
530 883 664 964 Sibyllae,
677 904 757 964 quon
771 886 915 946 (isninins
925 886 1001 950 flai-

118 985 175 1058 ius
185 985 461 1058 quindecimvirum
474 983 561 1062 roupi
574 983 648 1043 s'nter
660 992 762 1044 ceteros
774 983 895 1044 &adera
918 983 1000 1056 satis,

120 1088 148 1141 st
165 1100 202 1141 eo
215 1081 250 1142 de
269 1099 300 1141 rs
319 1082 602 1150 Senntuaaonsrrdrus,
626 1087 846 1158 postulaveritis
864 1099 922 1160 qno
949 1099 1001 1160 per

122 1183 339 1242 discessionem
353 1181 440 1251 iacto,
454 1181 533 1242 misit
545 1182 657 1262 litteras
672 1183 791 1252 Caesar,
804 1183 919 1242 modice
933 1181 1001 1242 'l'ri-

122 1281 238 1341 bunum
258 1282 423 1355 increpans,
438 1281 585 1356 ‘ignamm
607 1281 719 1358 antiqui
735 1281 823 1340 moris
834 1284 873 1340 ob
896 1282 1001 1342 iuven·

125 1379 228 1442 ‘tam’
268 1380 357 1438 (intio
370 1385 378 1414 ‘
389 1382 593 1454 exprobrabat,
614 1382 691 1456 qnod
705 1379 848 1440 scientiae
861 1381 1000 1442 caerimo-

126 1482 319 1556 ‘niarnmqne
341 1485 438 1544 vetus,
452 1479 567 1538 incerto
592 1485 720 1547 auctore,
738 1485 807 1538 ante
821 1481 999 1540 sententiam

126 1584 135 1616 ⁸
147 1579 278 1655 collegii,
292 1595 361 1646 non,
373 1587 405 1638 nt
418 1579 540 1646 adsolet,
554 1579 632 1636 teoto
642 1597 692 1653 per
703 1577 855 1654 magistros
865 1579 999 1638 aestima·

126 1679 234 1750 ‘toque
244 1675 385 1743 carmine,
398 1675 474 1748 apud
491 1673 702 1748 infrequentem
716 1673 858 1734 Senatum
872 1670 999 1750 egisset?

129 1774 224 1834 Simni
238 1773 482 1834 commonefecit:
503 1773 590 1847 ‘qnia
603 1775 694 1832 multa
715 1790 794 1832 vanu
813 1774 867 1832 snb
880 1771 999 1831 nomine

129 1873 259 1932 ‘celebri
298 1873 500 1948 vuigaltantur,
535 1871 668 1930 sannism
704 1873 877 1948 Angustum,
911 1886 999 1947 quem

130 1971 229 2030 ‘intre
257 1970 336 2028 diem
368 1972 406 2030 ad
438 1971 606 2030 Praetorem
638 1973 779 2030 urbanum
811 1971 999 2038 deferrentur,

127 2073 139 2102 ·‘
151 2088 248 2146 neque
270 2069 378 2128 habere
401 2069 539 2145 privatim
563 2069 683 2130 liceret?
703 2071 779 2147 quod
802 2086 820 2126 a
843 2067 999 2126 maioribus

129 2187 242 2246 quoqne
291 2171 441 2227 decretum
488 2173 561 2235 erat,
608 2174 674 2244 post
720 2173 857 2226 exustum
896 2165 1000 2224 sociati

128 2269 207 2328 beilo
242 2267 421 2342 capitolium,
448 2267 588 2344 quaesitis
626 2270 725 2335 Samo,
759 2266 827 2333 iiio,
854 2264 1000 2337 Erythris,

127 2385 180 2442 per
195 2365 329 2424 Africam
342 2367 441 2444 ¹etiam
456 2383 490 2424 sc
517 2366 651 2424 Siciliam
675 2371 706 2424 et
724 2364 845 2423 ltaiieas
859 2362 1000 2432 colonias,

127 2465 305 2525 carminibus
322 2465 474 2542 Sibyllae,
500 2482 559 2522 una
578 2483 631 2540 sen
655 2446 751 2538 plnres
763 2463 853 2532 inere,
873 2461 999 2537 datoque

128 2564 337 2624 Sacerdotibus
361 2565 488 2640 negotio,
511 2569 650 2640 qnantum
674 2564 800 2622 hnmana
813 2580 869 2638 ope
892 2562 1000 2637 potuis·

127 2671 204 2732 sent,
229 2681 299 2722 vera
320 2664 497 2750 discernere.
539 2663 631 2737 Igitur
653 2670 723 2720 tnnc
747 2681 860 2738 quoque
883 2663 998 2722 notioni

130 2759 443 2840 quindecimviriimis
468 2763 542 2820 iiber
564 2761 724 2820 subiicitur.
765 2761 1053 2824 hemmenam-13

128 2861 214 2928 libus,
232 2861 378 2936 gravitate
402 2877 537 2918 annonae
557 2861 640 2920 iuxta
660 2859 835 2920 seditionem
858 2869 997 2922 ventum:

128 2963 286 3034 multaque,
300 2966 331 3016 et
345 2962 439 3033 piures
454 2977 504 3032 per
517 2959 589 3024 dies,
601 2959 631 3016 in
646 2960 760 3018 theatro
775 2961 911 3020 licentius
921 2963 999 3024 effla·

129 3059 230 3134 gitata,
252 3075 338 3136 quana
365 3059 482 3116 solitum
514 3059 667 3116 adversum
694 3059 911 3136 Imperatorem.
934 3061 998 3134 quis

131 3164 301 3220 commotos.
325 3156 473 3214 incusavit
497 3155 684 3232 Magistratus
708 3137 875 3234 Paucaque}
904 3157 998 3230 ‘quod

17 3327 18 3340 κ
130 3310 242 3434 «ψᾚι
261 3311 325 3426 ⁵3²3}
357 3309 428 3358 osvrrs
444 3291 502 3358 rsuo'
518 3309 628 3371 eripuisse
646 3309 737 3358 omnino
755 3301 1001 3360 Tseimmexhtstoria

18 3397 19 3438 r
233 3404 237 3414 .
326 3404 331 3416 .

159 3447 417 3510 Quantumprtrriarsnt]
448 3446 562 3504 latinitu
579 3443 680 3506 postolat
696 3441 789 3497 mosot.
819 3435 880 3481 uns
