2164 3846
108 245 177 296 ac.
193 245 232 292 aa
357 243 427 292 ern.
452 241 500 332 us.
552 243 629 292 car.
656 225 773 296 3.-5.
898 224 969 294 utu

107 398 190 457 iacile
205 401 381 458 toleraturus
402 399 549 468 exsilium,
562 401 679 460 delecta
694 401 801 468 Lesbo,
814 398 912 458 insula
924 415 974 458 no·

107 497 157 555 bili
170 503 202 557 et
222 515 359 565 amoena,
373 498 527 557 retrahitur
540 499 571 556 in
583 501 693 568 urbem,
702 499 918 574 custoditurque
926 499 975 554 do·

108 597 199 654 mibns
214 599 446 672 magistratuum.
482 597 591 654 Iisdem
606 597 710 656 litteris
722 597 831 656 Caesar
840 597 976 658 Sextium

109 693 318 766 Paconianum,
349 695 538 762 Praetorium,
564 696 697 770 perculit,
728 715 834 771 magno
858 697 977 756 Petrum

108 795 219 868 gaudio,
233 796 387 862 audacem,
410 795 584 862 maleficum,
597 795 726 854 omnium
746 799 859 854 secreta
872 795 978 854 riman·
1026 783 1050 844 2

109 895 174 960 tem,
188 895 395 969 delectumque
415 911 433 950 a
448 893 567 962 Seiano,
588 895 670 951 cuius
684 911 740 968 ope
753 895 836 952 dolus
851 894 887 952 C.
904 894 977 951 Cae·

106 993 163 1050 sari
178 998 338 1066 pararetur.
357 993 434 1067 quod
455 999 607 1068 postquam
623 994 809 1068 patefactum,
823 1010 977 1067 pmrupers

110 1098 251 1166 concepta
295 1090 406 1165 pridem
447 1090 533 1149 odia:
568 1096 599 1148 et
630 1110 775 1150 summum
803 1091 978 1166 supplicium

110 1191 329 1260 decernebatur,
343 1192 375 1250 ni
396 1193 540 1266 protessus
561 1190 703 1254 indicium
726 1189 807 1248 toret.
849 1191 894 1248 Vt
908 1191 1010 1250 veros

109 1288 255 1348 Latinium
282 1291 429 1349 Latiarem
448 1290 594 1366 ingressus
608 1295 662 1360 est,
681 1293 834 1348 accusator
853 1293 889 1348 ac
913 1307 980 1348 reus

112 1387 190 1448 iuxta
218 1389 320 1457 invisi,
341 1389 535 1464 gratissimum
559 1391 756 1463 spectaculum
781 1391 978 1463 praebebatur.

113 1485 245 1556 Latiaris,
273 1494 305 1546 nt
326 1488 421 1556 retuli,
443 1488 614 1562 praecipuus
635 1489 706 1546 olim
726 1488 979 1548 circumveniendi

113 1583 186 1644 Titii
213 1587 330 1646 Sabini
356 1593 387 1644 et
411 1592 481 1645 tnnc
509 1589 632 1645 luendae
656 1605 768 1662 poenae
788 1589 895 1663 primus
914 1587 978 1646 init.

113 1683 280 1762 Interquae
306 1687 444 1744 Haterius
458 1687 591 1760 Agrippa
613 1687 756 1745 Consules
781 1688 851 1746 anni
877 1686 979 1762 prioris

113 1780 229 1854 invasit,
243 1791 323 1853 ‘cur,
337 1791 436 1844 mutua
459 1786 646 1844 accusatione
670 1786 794 1856 intenta,
815 1804 893 1845 nnnc
914 1786 980 1844 sile·

113 1882 215 1944 ‘renti
247 1889 354 1942 metum
377 1903 489 1958 pmrsus
514 1890 544 1945 et
565 1885 685 1944 noxiam
706 1886 907 1946 conscientiae
928 1899 981 1959 pro

24 1973 31 1977 ’
114 1982 248 2046 ‘loedere
273 1985 392 2042 baberi:
427 1989 457 2042 at
478 2002 537 2042 non
566 1985 700 2042 Patribus
727 1986 888 2052 reticenda,
905 2001 980 2058 quae

113 2081 332 2142 (audivissent)
372 2083 512 2158 Regulus,
533 2089 672 2142 ‘manere
706 2089 820 2156 tempus
851 2081 980 2151 ultionis,

23 2245 28 2266 ,
114 2186 219 2258 ‘seque
233 2201 332 2242 coram
357 2183 495 2258 Principe
517 2188 722 2241 exsecuturum
733 2180 750 2237 :'
771 2180 853 2246 Trio,
867 2185 980 2235 ‘nemu-

115 2283 270 2340 ‘lntionem
284 2282 360 2339 inter
373 2285 512 2357 collegas,
525 2283 598 2350 et,si
609 2281 822 2357 quadiscordes
831 2277 980 2346 iecissent,

115 2381 237 2438 {melius
263 2380 443 2449 oblitterari,’
470 2381 628 2456 respondit.
680 2381 813 2454 Vrgente
839 2376 980 2451 Agrippa,

117 2479 291 2556 Sanquinius
314 2479 472 2548 Maximus,
493 2499 510 2538 e
532 2479 749 2546 consularibus,
772 2477 868 2534 oravit
890 2478 980 2534 Sena·

116 2581 184 2645 tum,
199 2585 348 2636 ‘necnrns
363 2579 548 2652 Imperatoris
572 2577 742 2654 conquisitis
766 2577 882 2651 insusper
902 2593 980 2636 acer=

116 2677 276 2736 ‘bitatibus
302 2683 463 2752 augerent:
483 2679 615 2735 sufficere
638 2677 733 2750 ipsum
755 2677 916 2735 statuendis
938 2679 981 2734 re'·

118 2775 256 2834 ‘mediis’
273 2776 317 2834 sic
345 2777 459 2848 Regulo
482 2779 569 2844 salus,
583 2782 613 2834 et
638 2775 745 2834 Trioni
766 2777 870 2834 dilutio
893 2775 979 2836 exitii

117 2875 254 2949 quaesita.
296 2877 435 2934 Haterius
460 2875 583 2932 invisior
616 2874 678 2943 init,
702 2875 769 2950 quia
795 2893 898 2934 somno
930 2877 981 2933 ant

116 2973 276 3031 libidinosis
292 2973 401 3048 vigiliis
417 2973 567 3044 marcidus,
575 2967 611 3031 'et
621 2975 658 3031 ob
672 2973 981 3050 segnitiam-quamvis

117 3075 263 3130 crudelem
304 3073 480 3145 Principem,
526 3089 608 3130 susarax
632 3079 775 3140 metuens,
813 3073 982 3131 inlustribus

118 3172 187 3230 siris
207 3173 377 3244 perniciem,
398 3173 475 3230 inter
494 3189 617 3247 ganeam
639 3189 674 3229 ac
697 3177 804 3244 stupra,
825 3171 982 3228 meditaba-

118 3268 193 3328 tur(
211 3272 292 3331 Exin
321 3273 409 3330 Cotta
438 3271 635 3344 Messallinps,
662 3269 853 3327 saevissimas·
889 3265 1011 3334 cuius-5

118 3387 171 3444 que
186 3371 350 3428 sententiaa
374 3373 482 3440 auctor,
503 3385 595 3446 eoque
608 3369 775 3426 inveterata
794 3360 983 3426 invidisset

146 3513 264 3575 hermeus
272 3515 313 3578 cst]
343 3515 389 3564 Pro
398 3525 521 3574 sumnus.

158 3615 232 3656 son.
255 3615 276 3656 1.
494 3617 496 3624 ·
573 3589 629 3643 '2¹
