2134 3826
127 239 203 288 ao.
223 239 259 287 n.
345 235 416 284 ara.
444 235 482 282 11.
534 235 611 282 car.
636 212 805 320 4⁸:4¹·
928 213 995 282 101

130 391 366 450 arestonius
391 389 528 447 Dictator
548 393 688 446 voverat:
709 390 869 462 eodemque
883 387 914 445 in
934 390 1001 446 loco

127 492 234 547 aedem
260 490 377 554 Florae,
391 490 429 544 ab
453 488 547 546 Lucio
560 493 590 545 et
613 488 715 545 Marco
738 487 887 552 Publiciis,
913 486 1001 544 Aedis

128 589 217 656 libas,
231 586 442 646 constitutam:
471 591 501 642 et
512 587 595 644 lano
615 590 765 659 templum,
784 586 860 660 quod
874 585 950 659 apud
962 584 1001 642 io-

129 705 193 745 rum
206 687 357 744 olitorium
373 687 408 743 G.
424 685 552 742 Duillius
566 690 720 750 struxerat,
734 685 784 760 qui
808 685 916 756 primus
940 699 1002 740 rem

131 787 296 844 Romanam
311 801 446 858 prospere
461 784 531 840 mari
545 785 643 858 gessit,
667 784 898 857 triumphumque
912 797 1001 839 aava·

132 887 190 944 lem
212 886 251 942 de
274 883 383 941 Poenis
411 883 521 940 meruit.
565 883 636 956 Spei
663 884 750 940 aedes
777 900 795 939 e
823 869 1047 939 Germanieoit

132 989 280 1042 sacratur:
302 983 378 1040 banc
394 983 503 1040 Atilius
524 988 647 1040 voverat
669 983 772 1040 eodem
795 983 881 1038 bello.
923 981 1003 1038 Aslo-

132 1084 262 1140 leacebal
276 1082 389 1138 interea
413 1083 462 1138 lex
487 1081 656 1140 maiestatis.
681 1086 711 1138 et
737 1079 894 1153 Apuleium
918 1078 1003 1136 Vari·

132 1181 209 1246 liam
224 1179 330 1238 sororis
348 1179 473 1253 Augusti
487 1186 615 1254 neptem,
629 1180 697 1254 quia
712 1178 855 1253 probrosis
865 1176 1004 1235 sermoni·

134 1281 184 1338 bus
200 1281 240 1337 D.
256 1279 420 1353 Augustum
434 1295 470 1336 ac
495 1279 649 1337 Tiberium
664 1285 694 1336 et
719 1283 840 1336 matrem
854 1277 917 1336 eius
930 1276 1003 1334 inlu·

134 1379 227 1442 sisset,
244 1375 421 1451 Caesarique
434 1393 571 1436 connexa
593 1377 734 1435 arlulterio
748 1383 902 1445 teneretur,
915 1377 1004 1434 maie·

133 1478 217 1535 atatis
242 1478 357 1534 delator
380 1479 554 1534 arcessebat.
595 1476 642 1534 De
661 1475 797 1534 ambasia
816 1476 888 1535 mia
911 1477 1004 1536 cuceri

132 1573 191 1652 lege
200 1573 290 1649 iulia,
304 1575 417 1633 visam:
437 1572 594 1632 mustolia
606 1573 711 1632 maneo
732 1574 879 1652 Magali,
893 1577 1004 1636 Caesar

131 1675 311 1750 postulavit;
333 1672 525 1750 damnarique,
544 1672 571 1731 ai
583 1691 640 1751 pun
653 1673 685 1732 de
698 1676 827 1752 Anagrana
841 1663 1003 1752 inreligiose

133 1772 268 1831 Meet:
287 1769 318 1829 a'n
332 1771 449 1830 seinata
462 1771 535 1830 ualle
548 1772 589 1830 nd
608 1773 790 1849 cognitionem
810 1774 914 1833 uocari.
956 1777 1004 1834 ln-

132 1879 295 1946 terrogatus
315 1887 333 1928 e
356 1875 493 1938 consule,
516 1870 587 1948 quid
605 1871 638 1929 de
661 1871 707 1932 ln'a
727 1881 854 1943 comeret,
882 1887 952 1952 poue
970 1873 1003 1932 de

132 1978 221 2029 mum
245 1969 307 2028 eius
329 1969 422 2028 locata
447 1987 524 2029 senas
551 1979 726 2048 urgraeretur,
753 1974 888 2033 reticuit:
923 1973 1002 2042 dein,

131 2069 267 2145 proximo
291 2071 417 2128 Senatus
438 2069 496 2138 dic,
518 2071 596 2129 illius
619 2091 732 2148 quoque
754 2073 873 2130 nomine
895 2071 1001 2140 oravit,

130 2185 165 2225 ne
176 2167 224 2226 cui
233 2165 327 2236 amba,
336 2167 367 2224 in
380 2185 442 2226 eam
455 2187 562 2246 puupasc
574 2169 654 2228 modo
662 2168 769 2234 babitu,
783 2168 1003 2247 criminiscrent.

131 2267 326 2342 liberavitque
363 2269 518 2340 Apuleium
553 2272 619 2344 lege
654 2269 834 2328 maiestatis:
868 2269 1005 2326 adulterii

131 2367 298 2441 graviorem
313 2383 436 2440 poenam
455 2367 637 2441 deprecatus,
656 2373 697 2434 ut,
716 2365 836 2442 exempto
855 2369 1004 2437 mulonem,

128 2462 297 2540 propinqus
309 2463 370 2522 auae
391 2449 469 2523 ultra
489 2464 703 2524 &moussiacum
721 2463 841 2542 lapidem
858 2481 1005 2526 emouere·

130 2569 187 2630 tur,
214 2563 316 2620 suasit.
347 2566 498 2634 Adultera,
528 2566 649 2633 lilanlio,
675 2565 761 2624 ltalia
786 2571 873 2641 atque
902 2566 1004 2626 Airica

131 2661 321 2720 interdictum
342 2668 396 2720 e‘st.
446 2665 494 2720 De
519 2659 664 2733 Praetore,
689 2664 719 2722 in
745 2667 842 2723 locum
866 2667 1041 2741 Vipsauilbss

132 2759 225 2827 Galli,
249 2778 335 2834 quem
358 2779 438 2844 mors„
458 2764 625 2832 abstulerat,
649 2765 840 2838 suowganuo,
853 2772 1004 2825 certarnen

129 2859 265 2918 incessit.
307 2860 501 2920 Germanicus
515 2869 601 2937 atque
617 2864 728 2920 Drusus
741 2861 823 2941 (nem
837 2866 926 2923 etiam
942 2874 1003 2924 tum

130 2957 245 3016 Rornae
259 2956 524 3037 erano-Haterium
543 2962 710 3035 Agrippam,
724 2963 915 3038 propinquum
929 2965 1002 3023 Ger

131 3057 253 3124 manici,
285 3057 441 3116 fovebant:
475 3066 577 3117 contra
605 3061 734 3136 plerique
767 3063 943 3133 nitebantur,
970 3071 1001 3122 ut

132 3171 270 3212 numerus
285 3157 439 3214 liberorum
460 3158 491 3214 in
515 3159 679 3217 candidatis
701 3164 900 3232 praepolleret,
926 3165 1003 3237 qnorl

130 3254 181 3311 lex
204 3254 331 3312 iubebat.
375 3258 551 3316 Laetabetur
573 3259 721 3325 Tiberius,
745 3277 811 3316 cum
831 3261 907 3315 inter
927 3259 1004 3316 lilios

33 3397 36 3404 .
134 3351 198 3408 eius
226 3361 255 3408 et
285 3355 367 3429 leges
400 3356 525 3413 Senatus
545 3355 731 3428 disceptaret.
759 3356 841 3411 victa
866 3357 911 3406 est
938 3353 1005 3406 sine

176 3465 249 3507 von.
271 3467 292 3507 r.
572 3448 620 3506 0*
