2186 3850
115 255 248 304 scus.
334 255 403 302 ms.
430 257 478 302 xr.
529 257 606 305 css.
633 237 812 308 28.-31.
920 243 995 336 ²9⁷.

119 409 216 479 listus,
238 409 340 484 prioris
365 427 477 486 quoque
511 413 608 488 regine
632 415 750 489 peritus,
778 419 808 472 et
835 416 996 488 potentium

119 510 229 575 cautis,
250 528 336 584 quarn
357 510 479 578 acribus,
511 513 642 570 consiliis
667 515 755 572 tutius
778 514 888 572 haberi.
929 515 996 572 Per·

119 609 201 666 stitit
235 610 399 675 Narcissus,
433 616 473 676 et,
502 615 595 669 solum
624 613 671 670 id·
692 613 848 680 imputans,
869 631 907 671 ne
941 631 997 688 quo

120 725 260 765 sermone
281 709 441 781 praesciam
473 710 604 768 criminis
630 718 660 769 et
681 713 858 770 accusatoris
879 714 996 780 laceret,

120 807 191 882 ipse
219 809 256 864 sd
290 809 461 866 occasiones
490 809 628 878 intentus,
659 813 745 886 longa
773 814 849 886 apud
883 811 997 878 Ostium

122 908 266 964 Caesaris
288 925 375 974 mors,
395 909 467 964 dues
489 909 621 981 pellices,
651 928 771 985 quarum
791 911 817 968 is
830 910 998 984 corporibus

121 1007 256 1066 maxime
296 1006 474 1074 insueverat,
509 1009 663 1082 largitione
703 1026 739 1067 ac
769 1009 929 1082 promissis,
956 1012 998 1076 et,
1072 1046 1075 1055 ι

121 1125 217 1165 uxore
239 1106 364 1172 deiecta,
386 1109 449 1178 plus
478 1108 628 1179 potentiae
654 1110 841 1176 ostentando,
861 1108 997 1182 perpulit,

124 1207 307 1265 delationem
333 1207 438 1262 subire.
479 1206 560 1263 Exin
581 1206 741 1278 Calpurnia
762 1203 805 1284 (iu
831 1207 930 1278 pellici
949 1197 1050 1272 tio-3⁰

124 1303 211 1382 men)
231 1305 281 1362 ubi
314 1305 413 1362 (latum
439 1311 593 1370 secretum,
622 1305 757 1363 Caesaris
791 1307 913 1380 genibus
937 1323 998 1380 pro·

126 1409 240 1471 voluta,
256 1404 404 1476 ‘nupsisse
418 1405 619 1462 Messaltiosm
636 1403 728 1472 silio?
742 1407 898 1464 exclamat.
913 1405 999 1464 simul

125 1507 328 1578 Cleopatram,
348 1521 420 1576 quse
431 1504 510 1560 illem
528 1505 683 1576 opperiens
698 1505 839 1573 adstabat,
854 1513 910 1562 ‘cn
922 1523 1001 1563 cons·

127 1601 306 1678 ‘perisseti’
338 1603 513 1677 interrogat:
548 1609 633 1678 atque
662 1604 712 1660 illa
733 1605 890 1672 adnuente,
908 1603 1000 1662 ‘cieri

124 1701 340 1771 ‘Narcissum’
361 1694 495 1776 postulat.
536 1703 575 1768 le,
601 1701 737 1758 ‘veniam
759 1703 791 1760 in
814 1702 1000 1777 praeteritum

128 1811 261 1878 ‘petens
283 1803 357 1876 quod
384 1803 413 1858 ei
433 1801 477 1857 cis
500 1801 650 1867 Vectium,
673 1802 717 1858 cis
749 1802 894 1860 Plautium
917 1802 1000 1860 dissi·

127 1901 330 1968 ‘mutavisset
358 1917 414 1958 nec
442 1917 519 1957 nunc
547 1900 688 1958 adulteria
715 1899 913 1966 obiecturum?
931 1901 997 1980 sit:

123 2008 203 2059 ‘uec
223 2003 349 2066 domum,
375 1999 505 2065 servitiu,
529 2007 560 2056 et
584 2006 696 2056 ceteros
724 1999 854 2056 fortunae
881 2003 998 2070 paratus

126 2107 309 2174 ‘reposcere
331 2099 471 2155 frueretur
484 2098 574 2156 immo
587 2098 642 2154 iis':
656 2104 694 2154 'at
714 2098 846 2154 redderet
870 2112 1000 2163 uxorem,
1078 2165 1083 2176 .

65 2217 67 2222 ⁴
127 2206 135 2232 ⁶
147 2204 349 2271 rumperetque
360 2199 471 2254 tabulas
481 2197 635 2270 nuptiales.
658 2198 707 2253 An
718 2191 889 2263 discidium‚'
898 2193 1000 2267 inquil,

126 2304 227 2355 ‘tuum
242 2293 345 2353 nosti?
366 2313 433 2354 nam
448 2285 662 2354 matrimonium
694 2293 761 2351 Silii
782 2293 856 2349 virlit
878 2294 1000 2364 populus

127 2402 177 2455 ‘et
190 2398 315 2453 Senatus
330 2401 358 2451 et
371 2395 470 2451 miles:
491 2413 536 2459 sc,
551 2395 581 2452 ni
592 2411 711 2467 propere
725 2393 797 2465 agis,
805 2398 889 2456 ,tenet
901 2393 1000 2450 urbeln

126 2492 285 2554 ‘meritust'
339 2495 418 2552 'I'um
453 2493 632 2566 potissimum
666 2508 807 2566 quemque
841 2490 999 2550 amicorum
1010 2488 1049 2546 31

127 2601 238 2653 vocnt:
281 2594 459 2669 primumque
494 2593 536 2650 rei
569 2592 772 2650 frumentariae
814 2591 1001 2665 preelectum,

122 2695 317 2763 Turranium,
332 2701 398 2766 post
414 2692 537 2776 Lusiurq
555 2692 672 2756 Getam,
694 2691 889 2749 Praetutianis
910 2691 1001 2764 impo-

127 2796 227 2861 situm,
261 2799 475 2874 percunctatur.
516 2792 627 2863 Quibus
662 2791 829 2858 latentibus,
864 2792 1000 2849 certatim

128 2895 222 2954 ceteri
237 2893 486 2963 circumstrepunt,
507 2891 582 2947 ‘iret
603 2891 634 2948 iu
657 2891 900 2976 castraqlirmaret
916 2891 1001 2948 Prae·

128 2993 236 3051 ‘lorias
251 2993 394 3056 cohortes,
409 2989 558 3048 securitati
572 2996 650 3055 ante,
664 3006 750 3064 quam
766 2988 914 3047 vindictae
934 3006 1001 3046 con·

129 3089 278 3150 ‘suleret’
321 3089 399 3148 Satis
420 3096 545 3156 constat,
568 3104 604 3144 eo
618 3105 726 3160 {levore
748 3089 868 3145 offusum
884 3087 1002 3145 Claudi-

129 3209 190 3258 um,
220 3196 252 3248 ut
281 3189 442 3246 islentirlem
468 3189 667 3261 interrogaret,
699 3194 754 3244 ‘nn
784 3188 847 3259 ipse
881 3185 1007 3254 Imperii<

121 3297 138 3348 .‘
150 3287 278 3366 potensi
308 3307 346 3345 an
361 3287 452 3346 Silius
475 3287 605 3360 privatus
619 3284 726 3343 esseti'
757 3286 798 3342 At
820 3283 1002 3349 Messallina,

129 3409 190 3450 non
206 3389 412 3464 alias-solutior
428 3390 506 3452 luxu,
529 3387 628 3444 nllutto
648 3395 795 3447 autumno,
816 3381 1003 3436 simulacrum

123 3488 303 3558 -sinslemiae
330 3505 392 3562 per
424 3489 542 3546 domum
575 3480 714 3542 celebrat.
777 3474 885 3548 Vrgeri
924 3491 1003 3553 prae·
