2164 3846
128 225 257 278 scm.
365 225 435 274 mu.
460 225 508 276 vr.
558 223 637 273 cur.
663 203 807 274 tt-10.
929 203 1004 278 245

129 377 241 455 ‘ergol
262 377 434 438 indistincta
453 379 529 437 haec
552 377 684 438 detersio
696 385 727 437 et
751 377 913 454 promiscuo
925 381 1004 440 dahi-

130 477 220 538 ‘turl
255 479 344 536 immo
367 477 450 535 iustis
472 477 603 536 terminis
630 479 789 537 dividatur.
820 477 945 538 insidiae
970 479 1004 538 iu

130 579 310 652 ‘Rempubt
331 579 454 636 consilis
478 578 578 635 caedis
605 579 759 636 adversum
787 579 1004 652 Imperatorem,

130 678 326 752 ‘punianturz
347 679 383 734 de
405 677 535 734 amicitia
555 682 585 734 et
606 677 718 745 officiis,
738 677 816 738 idem
832 677 898 736 huis
922 687 951 736 et
965 681 1005 745 te,

130 783 141 812 '‘
154 777 274 844 Caesar,
302 781 332 834 et
359 793 411 834 uos
438 774 617 834 absolverit.¹
655 777 830 866 Constantiq
856 769 1035 846 oratidnis,9

133 881 173 945 et,
186 875 255 952 qnia
274 879 403 948 repertus
417 880 489 941 erst,
503 875 551 951 qni
565 875 688 944 efferret,
701 893 776 951 quse
790 893 892 934 omnes
905 878 1006 935 auimo

131 975 295 1051 agitabant,
307 992 345 1032 eo
357 991 447 1049 usque
457 981 586 1048 potuere,
599 979 630 1034 ut
645 983 830 1034 accusatores
840 975 913 1044 eius,
925 972 1006 1034 addi·

133 1073 181 1142 tis,
195 1091 270 1150 quac
293 1079 363 1132 aule
390 1073 581 1149 deliquerant,
595 1074 703 1132 exsilio
726 1083 775 1132 aut
797 1079 889 1132 morte
903 1075 1005 1133 multa·

133 1178 241 1232 rentur.
294 1174 422 1231 Secutae
454 1173 564 1232 dehinc
590 1173 708 1231 Tiberii
735 1173 850 1232 litterae
874 1174 906 1232 iu
933 1175 1004 1232 Sex.

132 1271 303 1337 Vestitum,
323 1271 514 1340 Praetorium,
527 1289 622 1348 quem,
637 1273 735 1330 Druso
747 1271 827 1332 tratri
845 1289 1004 1348 percarum,

133 1370 165 1430 iu
191 1371 344 1430 cohortem
371 1389 453 1428 suam
479 1375 674 1431 transtulerat.
707 1389 810 1432 caussa
835 1357 1004 1433 offensionis

134 1469 264 1528 Vestilio
284 1469 348 1538 init,
369 1489 421 1528 seu
444 1477 646 1542 composuerat
669 1474 811 1548 quaedam
824 1471 855 1532 in
869 1475 907 1534 G.
929 1475 1003 1534 (ise-

132 1585 237 1638 sarcm,
261 1573 294 1626 ut
320 1569 500 1643 inpudicum,
523 1571 588 1628 sive
608 1571 887 1632 hctohahilahdes.
915 1579 1002 1650 atque

132 1671 170 1728 ob
183 1669 215 1727 id
228 1665 369 1726 convictu
384 1667 530 1742 Principis
551 1669 720 1743 prohibitus,
733 1687 799 1730 cum
814 1671 901 1730 senili
915 1689 1003 1731 munu

131 1767 237 1825 terrum
251 1767 436 1836 tentavisset,
449 1767 592 1843 obligauit
607 1787 715 1826 venas:
737 1776 927 1846 precatusque
951 1787 1004 1846 per

132 1847 298 1934 codicillos,
322 1864 420 1924 inmiti
444 1866 593 1941 rescripto,
617 1885 710 1926 venas
733 1871 863 1928 resolvit.
912 1871 1003 1928 Acer·

133 1963 226 2022 ratim
240 1981 281 2022 ex
300 1981 336 2021 eo
361 1965 477 2023 Annius
491 1964 597 2034 Pollio,
612 1967 725 2040 Appius
741 1969 868 2038 Silanus,
892 1969 1004 2028 Scauro

133 2061 287 2122 Mamerco
299 2061 385 2120 simul
399 2080 435 2146 ac
450 2064 561 2123 Sabino
575 2065 718 2134 Calvisio,
731 2065 893 2124 maiestatis
909 2073 1004 2140 postu·

132 2165 238 2232 tantur,
250 2165 282 2221 et
295 2161 473 2220 Vinicianus
483 2163 611 2222 Pollioni
625 2165 699 2238 patri
718 2164 918 2232 adiiciehutur,
932 2165 1005 2222 clari

132 2274 234 2337 genus,
248 2266 279 2319 et
292 2261 408 2334 quidam
428 2263 547 2320 summis
569 2263 738 2322 honoribus.
759 2266 1004 2322 contremuerant-

132 2379 187 2438 que
203 2361 323 2420 Patres:
346 2379 413 2420 nam
428 2363 659 2438 quotusquisque
685 2360 845 2420 adfinitatis
859 2367 909 2420 aut
935 2363 1004 2422 ami·

133 2459 224 2520 citiae
240 2466 284 2518 tot
304 2460 466 2519 inlustrium
477 2463 604 2520 virorum
617 2479 722 2536 expers
735 2457 822 2521 erut?
839 2461 871 2543 ui
890 2461 1004 2534 Celsus,

132 2561 261 2618 urbanae
276 2559 403 2618 cohortis
416 2559 574 2628 Tribunus,
589 2566 649 2619 tum
672 2561 749 2618 iuter
775 2561 897 2632 indices,
913 2563 1004 2638 Appi·

127 2667 180 2716 'um
193 2663 225 2716 et
239 2657 580 2726 Calvisiumdiscrimiui
594 2659 761 2718 exemisset.
803 2661 914 2720 Caesar
937 2663 1003 2722 Pol·

133 2755 220 2816 liouis
234 2775 270 2816 ac
284 2757 437 2815 Viniciani
461 2757 619 2832 Scaurique
640 2776 782 2828 caussam,
803 2769 834 2820 ut
858 2762 921 2836 ipse
934 2779 1003 2822 curu

135 2857 247 2916 Senatu
272 2862 416 2924 nosceret,
440 2857 561 2926 distulit,
584 2857 660 2916 dalis
684 2859 852 2934 quibusdam
866 2864 897 2920 iu
913 2863 1002 2922 Scau·

132 2972 195 3014 rum
218 2956 347 3014 tristibus
375 2955 461 3012 notis.
503 2955 551 3014 Ne
577 2957 703 3016 feminae
727 2959 843 3034 quidem
870 2971 1000 3020 exsortes
1015 2968 1055 3027 10

133 3055 265 3130 periculi.
287 3055 344 3128 qud
370 3057 558 3130 occupandae
583 3057 717 3131 Reipubl.
737 3059 818 3132 argui
842 3077 900 3118 non
923 3067 1002 3133 {rote-

130 3162 203 3220 rant,
225 3151 258 3211 ob
273 3151 408 3210 lacrimas
428 3155 651 3216 incusabantur:
672 3161 833 3230 necataque
858 3159 904 3214 est
929 3173 1002 3214 anus

163 3309 198 3355 ot
209 3309 313 3354 lacrimas
330 3309 501 3372 incusabantur]
533 3309 594 3364 Heu,
613 3309 697 3356 misera.
710 3306 809 3372 conditio
826 3307 867 3352 sub
884 3306 998 3362 tyrannis:

132 3367 170 3414 ubi
181 3367 297 3417 uecliber,
314 3367 438 3413 liberrimus
455 3370 574 3414 affectuum
592 3368 664 3412 dolor.
695 3363 832 3409 clausurus
850 3363 891 3404 hoc
912 3361 1004 3416 pulchre

127 3425 237 3485 ,exprimit
249 3424 271 3470 iu
284 3427 334 3470 unt.
353 3429 372 3478 l,
388 3429 439 3478 259.
449 3453 478 3462 -
488 3426 592 3484 nrittqrrc
606 3423 699 3478 studim
711 3416 835 3474 ⁸¹thin
850 3417 954 3474 Willis
967 3417 1004 3464 (Ψ

133 3484 269 3542 dignarique
280 3489 392 3532 vcroultsr.
424 3485 487 3542 Mps.

171 3581 244 3624 von.
265 3578 287 3620 r.
605 3549 674 3611 21⁴⁸
