2134 3826
101 210 150 284 84
211 201 252 296 ti
425 219 612 280 mutamur
744 239 749 244 ·
827 227 860 276 a.
875 224 907 274 V.
923 227 973 274 rso.

99 405 168 448 nam
180 392 206 448 et
219 385 366 446 mnsam
379 384 515 465 sormoss
524 435 527 443 .
537 385 610 451 viss,
622 381 688 442 sive
702 399 742 442 ex
756 383 837 440 metu
847 380 975 442 credits.

47 475 89 536 25
101 490 162 548 Sed
174 489 252 548 lama
264 487 367 546 classis
378 485 512 552 amissae,
526 492 557 542 ut
568 485 731 543 Germanos
746 484 783 542 ad
796 498 879 556 spem
894 481 976 548 belli,

98 587 142 646 ita
164 587 321 648 Gaesarem
339 587 377 643 ad
394 585 589 644 coercendum
610 582 715 642 erexit.
748 582 784 640 0.
807 579 885 638 Silio
905 595 975 638 cum

98 687 219 761 triginta
233 687 371 760 peditum,
391 685 481 744 tribus
501 684 631 758 equitum
651 682 780 740 millibus
793 678 883 738 irein
903 663 975 738 Cat·

98 790 144 844 tos
165 787 287 858 imperat
301 805 308 842 ι
322 785 385 858 ipse
398 783 555 843 maioribus
573 782 666 856 copiis
688 781 801 838 Marsos
814 777 971 852 inrumpit:

98 902 217 960 quorsum
226 886 286 942 dux
303 883 508 946 Malouendus,
526 900 619 954 nuper
634 883 665 939 in
677 879 857 938 deditionem
868 894 975 952 accep

98 987 153 1051 tus,
164 981 318 1060 propinquo
328 981 391 1040 laco
404 979 542 1060 &aarum
554 978 701 1038 Varianae
711 975 831 1054 taglam
844 974 973 1054 aquilum

96 1079 202 1140 modr'cc
210 1079 355 1158 praesidio
367 1079 484 1148 serron,
498 1080 619 1138 indicat.
655 1079 747 1136 Missa
755 1079 974 1173 extemploma·

97 1197 162 1246 uus,
188 1198 263 1256 ques
287 1181 400 1238 hostem
421 1198 439 1236 a
461 1179 556 1238 fronte
580 1179 720 1248 eliceretr
747 1177 809 1243 alii,
832 1177 891 1251 qui,
916 1182 974 1234 ter·

96 1297 135 1354 pa
160 1279 374 1352 circumgressi,
401 1279 583 1336 recluderent
611 1279 750 1334 humum:
785 1282 822 1336 et,
843 1275 971 1350 utrisque

97 1377 188 1434 adluit
202 1378 383 1448 fortunales
397 1377 554 1451 promptior
575 1377 685 1435 Caesar
708 1347 971 1450 per'giffintrorsus,

97 1478 259 1550 populatur,
285 1476 434 1536 exscindit
462 1494 520 1534 non
548 1492 649 1532 ausum
676 1473 816 1549 congredi
845 1475 971 1542 hostem,

97 1579 156 1639 out,
182 1573 276 1631 sicubi
303 1575 459 1640 restiterat,
482 1575 581 1632 statim
606 1577 736 1648 pulsum3
762 1590 818 1631 nec
842 1589 971 1646 unquam
1043 1574 1051 1591 ⁰

97 1672 205 1747 magis,
228 1679 260 1730 ut
293 1691 332 1730 ex
364 1673 493 1746 captivis
526 1674 676 1748 cognitum
710 1679 765 1740 est,
798 1679 969 1745 paventem.

98 1771 214 1845 Quippe
236 1769 361 1839 invictos,
375 1778 401 1828 et
423 1770 510 1829 media
535 1770 647 1830 mribus
667 1770 840 1848 mpanttns
863 1771 970 1831 riman

95 1886 147 1928 nos
168 1871 384 1942 praedicabant,
405 1868 454 1948 qai
474 1869 585 1947 perdita
607 1869 847 1940 circummissis
869 1869 970 1940 umus,
1061 1871 1062 1888 ²

90 1975 155 2046 post
178 1975 322 2026 oonnrntc
344 1986 476 2046 epnnmm
499 1969 674 2047 airommpac
695 1968 858 2047 corporibus
871 1967 968 2040 liora,

94 2065 188 2126 ecdem
200 2071 309 2135 oirtarte,
319 2066 386 2142 pori
402 2066 524 2146 ferocia,
538 2075 563 2127 ct
585 2067 669 2128 veluti
690 2068 766 2128 mccli
788 2057 905 2127 adnmro
924 2073 967 2129 in·

41 2165 242 2243 complerem.
284 2168 434 2226 Reductus
457 2153 526 2226 indr's
551 2168 582 2226 in
610 2169 731 2228 hiberna
753 2170 848 2238 miles,
872 2172 967 2228 laetus

92 2245 193 2330 suini,
220 2269 297 2341 quod
329 2269 451 2326 adversa
486 2267 572 2326 maris
605 2269 794 2341 expeditione
829 2285 968 2343 prospere

92 2366 284 2438 pensavisset.
319 2366 430 2424 addidit
459 2367 688 2426 munificentiam
716 2369 836 2435 Caesar,
874 2387 965 2443 quun·

93 2467 153 2520 tum
176 2466 240 2539 quis
263 2464 363 2522 damni
385 2465 527 2537 professus
553 2472 624 2533 erat,
651 2468 841 2567 eppolvcudo.
899 2469 966 2526 Nec
1057 2547 1058 2550 Ἴ

92 2561 211 2620 dubium
236 2563 404 2654 habgbjrlur,
428 2565 527 2622 labare
554 2565 662 2632 hostes,
690 2567 892 2640 petendaeque
917 2583 966 2639 pc·

58 2707 65 2717 .
92 2659 136 2718 ois
150 2659 274 2716 consilia
297 2660 480 2729 sumerent,
502 2663 527 2722 si
552 2665 686 2738 proxima
706 2655 802 2722 nestas
823 2666 965 2724 adiicere·

92 2763 145 2824 tur,
181 2775 264 2830 posse
299 2761 406 2818 bellum
442 2763 569 2834 patrari:
603 2765 655 2820 sed
688 2764 796 2822 crebris
830 2765 964 2837 epistolis

92 2858 231 2916 'l'iberlus
246 2860 391 2924 monebat,
406 2860 530 2918 ‘rediret
550 2863 587 2920 sd
601 2863 749 2920 decretum
775 2863 964 2936 triumphurn,
983 2865 1007 2886 “·
1055 2933 1056 2940 ¹

90 2955 181 3012 ‘satis
207 2956 266 3014 iam
293 2964 462 3023 eventuum,
489 2960 560 3016 satis
587 2978 723 3018 casuum:
753 2979 889 3035 prospere
917 2963 962 3034 illi
1055 2945 1056 2966 ³

88 3061 140 3111 ‘et
154 3073 258 3128 magna
283 3057 409 3128 proelia:
431 3075 530 3115 eorum
549 3077 660 3136 quoque
685 3061 872 3129 meminisset,
886 3079 962 3136 quae

91 3154 193 3208 ‘venti
221 3159 251 3208 et
273 3154 385 3220 fluctus,
407 3157 487 3212 nulla
510 3159 592 3214 ducis
613 3142 710 3232 culpa,
733 3160 836 3232 gravia
860 3169 961 3220 tamen

89 3254 138 3306 ‘et
149 3268 238 3306 saeva
253 3252 358 3307 damna
379 3251 554 3312 intulissent.
575 3274 606 3312 se
621 3258 725 3314 novies
738 3276 756 3314 a
771 3259 810 3314 Ι).
828 3260 962 3332 Augusto

89 3347 139 3404 ‘in
176 3348 365 3404 Germaniam
392 3350 510 3410 missum
544 3355 626 3427 plura
652 3356 786 3422 consilio,
813 3375 900 3430 quam
929 3358 961 3416 vi

89 3445 269 3516 ‘perfecisse
290 3446 334 3503 sic
349 3449 523 3522 Sugambros
545 3451 576 3508 iu
598 3431 777 3512 deditionem
800 3463 958 3530 acceptos:
1052 3459 1053 3505 l
