2172 3842
13 3427 18 3530 l

433 235 658 294 rarnrrrro.
902 237 982 291 mn
1072 281 1073 306 ,

104 397 209 462 Flavii
228 395 433 472 Clementis,¹
449 397 597 473 consolis,
621 397 813 478 aliorumque
828 391 983 480 exemplis
1072 381 1073 458 ζ

102 525 137 566 ac
160 504 337 568 virtutibus
365 505 565 578 inclaruerat,
599 503 669 588 ipse
692 500 888 564 caecuticrit.
935 500 985 564 Ar
1072 571 1073 576 ἵ

104 609 185 676 iuter
215 619 302 676 atoue
320 611 447 674 minime
464 611 641 674 censendus
657 612 732 672 est-²
1072 593 1073 598 ἵ

146 717 250 782 Porro
280 717 340 779 viri
370 716 451 779 illius
479 717 677 780 celeberrimi
707 715 806 798 gloria
830 713 869 776 ad
895 733 982 776 seros

106 833 242 909 nepotes
271 831 446 908 propagata
472 835 532 886 est.
578 823 669 886 lllum
701 833 863 908 parentem
892 839 983 882 suum
1072 803 1073 808 ἵ

106 930 297 1015 appellabat,
314 939 346 990 et
364 931 403 992 ab
420 951 458 992 eo
473 930 622 1012 originem
645 931 763 992 ducere
781 949 816 990 se
832 927 983 1010 gloriaba-

108 1041 157 1097 tur
186 1035 235 1098 M.
262 1035 444 1098 Chaonius
476 1032 661 1110 Treoua?
686 1038 740 1119 qni
772 1036 983 1121 principatum

108 1141 244 1204 obtinuit
274 1163 354 1204 anno
392 1142 492 1206 Urbis
518 1143 666 1204 conditae
706 1147 868 1216 mxxvrrr,
900 1141 982 1204 Jesu
1072 1135 1073 1154 ¹

108 1247 229 1310 Christi
246 1249 331 1310 ⁸275:
354 1249 403 1310 vir
418 1249 543 1330 egregie
561 1258 709 1322 moratus,
726 1271 785 1310 non
803 1248 983 1324 ambitione,
1072 1269 1073 1272 ’

108 1375 167 1417 non
188 1354 332 1430 crimine,
356 1357 414 1416 sed
430 1355 577 1437 singulari
594 1365 722 1424 senatus
738 1365 770 1418 et
785 1356 983 1418 exercituum

108 1481 268 1524 consensu
285 1462 417 1546 imperio
434 1463 600 1524 admotus:
629 1462 709 1523 illius
726 1483 839 1546 capax,
856 1471 885 1524 et
904 1463 984 1524 intra
1072 1503 1073 1510 κ

108 1587 164 1628 sex
178 1566 368 1651 imperii‘sui
386 1588 508 1630 menses
526 1578 610 1630 tanta
622 1569 771 1630 virtutum
785 1568 983 1642 claritudine,
1072 1623 1073 1628 ,

108 1681 141 1734 ut
158 1673 444 1736 laudatissimorum
462 1667 645 1763 Principum
661 1675 787 1756 gloriam
804 1681 983 1757 aequasset,

107 1780 148 1853 ni,
161 1779 348 1860 urgentibus
362 1780 484 1842 Rornae
501 1782 582 1855 latis,
596 1781 659 1843 cito
670 1781 780 1844 luisset
793 1781 982 1842 exstinctus.

107 1884 249 1948 Cornelii
267 1885 376 1948 Taciti
394 1887 556 1968 imaginem
575 1888 604 1950 in
620 1889 763 1950 omnibus
780 1881 982 1950 bibliothecis
1023 1923 1029 1938 ι
1072 1923 1073 1934 1

105 1993 270 2069 collocari,
287 1993 422 2076 ejusque
439 1995 546 2068 libros,
568 2015 605 2058 ne
622 1995 775 2056 lectorum
794 1994 913 2056 incuria
929 1994 981 2056 de·
1072 1997 1073 2004 ’

104 2100 260 2186 perirent,
283 2119 340 2184 per·
363 2121 459 2162 annos
483 2100 620 2182 singulos
644 2101 753 2162 decies
778 2101 905 2186 publica
929 2101 983 2162 irn-

106 2227 207 2291 pcnsa
225 2207 255 2268 in
272 2206 384 2268 civicis
401 2187 538 2272 archivis
555 2207 704 2282 describi,
720 2215 752 2269 et
769 2207 799 2268 in
816 2207 983 2268 bibliothe-

105 2313 154 2374 cis
176 2312 251 2396 poni
273 2311 368 2394 jussit
381 2310 403 2374 :⁴
434 2313 514 2396 orbi,
542 2313 641 2374 literis
662 2322 694 2374 et
718 2311 838 2396 parenti
864 2314 982 2404 optime

104 2418 322 2493 consulturus,
340 2418 367 2480 si
384 2419 452 2504 ipsc
469 2429 520 2481 aut
544 2419 640 2481 frater
656 2418 725 2502 ejus
744 2417 909 2482 Florianus
927 2419 981 2482 diu
1072 2413 1073 2434 ³

104 2525 329 2610 imperassent.
377 2524 550 2588 Recentior
577 2525 694 2600 adhuc,
719 2545 778 2588 nec
806 2525 886 2588 lortc
913 2524 980 2588 ulti·
1072 2541 1073 2564 t

105 2651 177 2694 mus
213 2630 401 2693 Tacitorum
435 2632 572 2713 sangnis,
600 2631 783 2708 Polemios,⁵
812 2630 983 2694 Galliarum
1072 2699 1073 2706 χ

105 2737 269 2822 praetorio
285 2737 478 2822 praefectus,
496 2738 656 2801 nobilitate
673 2745 704 2800 et
721 2737 875 2812 doctrina,
892 2737 982 2822 quasi
1072 2713 1073 2768 l

106 2843 302 2906 hereditario
322 2842 407 2925 jure,
437 2845 576 2919 illustris,
608 2853 795 2906 memoratur
818 2845 905 2908 circa
931 2865 981 2906 an·
1072 2847 1073 2928 ᾗ

106 2971 183 3012 num
200 2947 304 3012 Urbis
319 2949 466 3012 conditae
485 2971 659 3026 mccxxrx,
671 2950 755 3014 Jesu
773 2951 893 3015 Christi
906 2954 981 3026 476,
1072 2979 1073 3016 t

101 3055 285 3138 Augustali
302 3062 333 3116 et
350 3055 473 3142 imperii
490 3057 625 3120 Romani
642 3077 835 3142 supremum.

134 3226 146 3259 '¹
158 3225 195 3272 De
206 3240 250 3286 qno
260 3225 325 3287 plora
335 3225 392 3272 intra
400 3225 468 3272 Turn.
480 3225 521 3273 lll.
532 3241 582 3288 pag.
594 3226 644 3274 38⁵.
655 3233 680 3274 et
688 3227 754 3274 Tem.
767 3227 808 3274 lV.
819 3241 870 3288 pag.
882 3229 932 3274 464.

136 3303 196 3350 act.
206 3305 305 3350 loannes
314 3305 432 3362 Kynastun
447 3304 551 3357 Taciturn
567 3305 668 3351 defendit
699 3306 773 3352 ubliea
783 3307 892 3358 oratione,
902 3303 985 3350 Oxonli
1072 3289 1073 3346 l

108 3363 199 3420 habita,
209 3369 233 3408 et
243 3363 341 3408 bandini
352 3363 413 3408 edita
428 3377 488 3409 anno
504 3367 568 3418 1764,
576 3363 624 3416 ,cui
639 3321 729 3410 titulum
743 3363 809 3408 lecit:
826 3363 853 3408 C.
866 3361 986 3407 Cornelius
1072 3363 1073 3406 ἓ

107 3421 230 3469 Tacitasa
237 3423 301 3480 salso
311 3421 430 3478 impietatis
439 3421 535 3468 crimine
544 3421 678 3468 viriditatem.
1072 3421 1073 3444 ¹

138 3501 152 3534 ³
166 3501 278 3561 Vopiscus
288 3501 311 3546 in
321 3498 412 3556 Tacito,
421 3514 470 3559 cap.
485 3495 518 3546 to.
756 3495 767 3528 ⁴
776 3493 897 3552 Vopiscus,
903 3489 949 3534 ild*

141 3577 271 3626 ‘Sidonius
282 3576 428 3640 Apollinaris,
439 3576 535 3637 Epistol.
547 3575 589 3632 tv,
600 3577 636 3620 lh.
