<?xml version="1.0" encoding="UTF-8"?>
<!DOCTYPE html PUBLIC "-//W3C//DTD XHTML 1.0 Transitional//EN"
    "http://www.w3.org/TR/xhtml1/DTD/xhtml1-transitional.dtd">
<html xmlns="http://www.w3.org/1999/xhtml" xml:lang="en" lang="en">
 <head>
  <title>
</title>
<meta http-equiv="Content-Type" content="text/html;charset=utf-8" />
  <meta name='ocr-system' content='tesseract 3.04.00' />
  <meta name='ocr-capabilities' content='ocr_page ocr_carea ocr_par ocr_line ocrx_word'/>
</head>
<body>
  <div class='ocr_page' id='page_1' title='image "./operaexrecensio01tacigoog_0241.png"; bbox 0 0 2166 3834; ppageno 0'>
   <div class='ocr_carea' id='block_1_1' title="bbox 70 225 954 299">
    <p class='ocr_par' dir='ltr' id='par_1_1' title="bbox 70 225 954 299">
     <span class='ocr_line' id='line_1_1' title="bbox 70 225 954 299; baseline 0.005 -7"><span class='ocrx_word' id='word_1_1' title='bbox 70 225 145 294; x_wconf 81' lang='lat'><strong>200</strong></span> <span class='ocrx_word' id='word_1_2' title='bbox 397 239 584 292; x_wconf 78' lang='lat' dir='ltr'><strong>nnunurvor</strong></span> <span class='ocrx_word' id='word_1_3' title='bbox 615 255 618 260; x_wconf 92' lang='lat'><em>·</em></span> <span class='ocrx_word' id='word_1_4' title='bbox 799 248 830 295; x_wconf 75' lang='lat' dir='ltr'><strong>n.</strong></span> <span class='ocrx_word' id='word_1_5' title='bbox 844 239 954 299; x_wconf 75' lang='lat' dir='ltr'><strong>uara</strong></span> 
     </span>
    </p>
   </div>
   <div class='ocr_carea' id='block_1_2' title="bbox 22 395 1076 3251">
    <p class='ocr_par' dir='ltr' id='par_1_2' title="bbox 22 395 1076 3251">
     <span class='ocr_line' id='line_1_2' title="bbox 68 395 948 471; baseline 0.002 -11"><span class='ocrx_word' id='word_1_6' title='bbox 68 401 126 460; x_wconf 88' lang='lat' dir='ltr'><strong>dae</strong></span> <span class='ocrx_word' id='word_1_7' title='bbox 141 399 221 458; x_wconf 86' lang='lat' dir='ltr'><strong>vitae</strong></span> <span class='ocrx_word' id='word_1_8' title='bbox 232 400 338 464; x_wconf 88' lang='lat' dir='ltr'><strong>certus,</strong></span> <span class='ocrx_word' id='word_1_9' title='bbox 352 395 384 456; x_wconf 90' lang='lat' dir='ltr'><strong>in</strong></span> <span class='ocrx_word' id='word_1_10' title='bbox 393 397 470 471; x_wconf 84' lang='lat' dir='ltr'><strong>bupc</strong></span> <span class='ocrx_word' id='word_1_11' title='bbox 481 399 600 456; x_wconf 89' lang='lat' dir='ltr'><strong>modum</strong></span> <span class='ocrx_word' id='word_1_12' title='bbox 609 415 728 458; x_wconf 82' lang='lat' dir='ltr'><strong>exorsus</strong></span> <span class='ocrx_word' id='word_1_13' title='bbox 739 405 785 458; x_wconf 88' lang='lat' dir='ltr'><strong>est</strong></span> <span class='ocrx_word' id='word_1_14' title='bbox 799 421 806 458; x_wconf 74' lang='grc' dir='ltr'><strong>ε</strong></span> <span class='ocrx_word' id='word_1_15' title='bbox 822 403 948 462; x_wconf 85' lang='lat' dir='ltr'><strong>‘Verba</strong></span> 
     </span>
     <span class='ocr_line' id='line_1_3' title="bbox 69 477 947 570; baseline 0.003 -11"><span class='ocrx_word' id='word_1_16' title='bbox 69 507 165 568; x_wconf 67' lang='lat' dir='ltr'><strong>‘men</strong></span> <span class='ocrx_word' id='word_1_17' title='bbox 187 499 220 558; x_wconf 89' lang='lat' dir='ltr'><strong>P.</strong></span> <span class='ocrx_word' id='word_1_18' title='bbox 253 499 287 556; x_wconf 85' lang='lat' dir='ltr'><strong>C.</strong></span> <span class='ocrx_word' id='word_1_19' title='bbox 323 503 505 570; x_wconf 82' lang='lat' dir='ltr'><strong>arguuntur:</strong></span> <span class='ocrx_word' id='word_1_20' title='bbox 540 477 615 556; x_wconf 81' lang='lat' dir='ltr'><strong>adeo</strong></span> <span class='ocrx_word' id='word_1_21' title='bbox 642 499 784 560; x_wconf 78' lang='lat' dir='ltr'><strong>factorum</strong></span> <span class='ocrx_word' id='word_1_22' title='bbox 798 501 947 562; x_wconf 89' lang='lat' dir='ltr'><strong>innocens</strong></span> 
     </span>
     <span class='ocr_line' id='line_1_4' title="bbox 70 598 946 676; baseline 0.001 -16"><span class='ocrx_word' id='word_1_23' title='bbox 70 607 163 660; x_wconf 78' lang='lat' dir='ltr'><strong>‘suna</strong></span> <span class='ocrx_word' id='word_1_24' title='bbox 204 600 265 658; x_wconf 88' lang='lat' dir='ltr'><strong>Sed</strong></span> <span class='ocrx_word' id='word_1_25' title='bbox 285 615 380 672; x_wconf 86' lang='lat' dir='ltr'><strong>neque</strong></span> <span class='ocrx_word' id='word_1_26' title='bbox 401 599 475 654; x_wconf 86' lang='lat' dir='ltr'><strong>baec</strong></span> <span class='ocrx_word' id='word_1_27' title='bbox 490 598 522 656; x_wconf 88' lang='lat' dir='ltr'><strong>iu</strong></span> <span class='ocrx_word' id='word_1_28' title='bbox 534 598 710 672; x_wconf 81' lang='lat' dir='ltr'><strong>Principem,</strong></span> <span class='ocrx_word' id='word_1_29' title='bbox 726 608 775 659; x_wconf 92' lang='lat' dir='ltr'><strong>aut</strong></span> <span class='ocrx_word' id='word_1_30' title='bbox 798 603 946 676; x_wconf 84' lang='lat' dir='ltr'><strong>Principis</strong></span> 
     </span>
     <span class='ocr_line' id='line_1_5' title="bbox 70 696 947 776; baseline 0.003 -18"><span class='ocrx_word' id='word_1_31' title='bbox 70 705 253 776; x_wconf 73' lang='lat' dir='ltr'><strong>‘parentem</strong></span> <span class='ocrx_word' id='word_1_32' title='bbox 268 715 337 773; x_wconf 88' lang='lat' dir='ltr'><strong>quos</strong></span> <span class='ocrx_word' id='word_1_33' title='bbox 353 699 401 756; x_wconf 81' lang='lat' dir='ltr'><strong>les</strong></span> <span class='ocrx_word' id='word_1_34' title='bbox 417 696 578 756; x_wconf 89' lang='lat' dir='ltr'><strong>maiestatis</strong></span> <span class='ocrx_word' id='word_1_35' title='bbox 598 701 800 773; x_wconf 69' lang='lat' dir='ltr'><strong>amplectitur:</strong></span> <span class='ocrx_word' id='word_1_36' title='bbox 823 703 947 762; x_wconf 78' lang='lat' dir='ltr'>Brutum</span> 
     </span>
     <span class='ocr_line' id='line_1_6' title="bbox 70 797 946 876; baseline 0.003 -18"><span class='ocrx_word' id='word_1_37' title='bbox 70 805 122 858; x_wconf 84' lang='lat' dir='ltr'><strong>‘et</strong></span> <span class='ocrx_word' id='word_1_38' title='bbox 150 799 285 858; x_wconf 82' lang='lat' dir='ltr'><strong>Cassium</strong></span> <span class='ocrx_word' id='word_1_39' title='bbox 313 797 480 856; x_wconf 75' lang='lat' dir='ltr'><strong>laudavisse</strong></span> <span class='ocrx_word' id='word_1_40' title='bbox 505 797 607 856; x_wconf 86' lang='lat' dir='ltr'><strong>dicor:</strong></span> <span class='ocrx_word' id='word_1_41' title='bbox 628 815 747 873; x_wconf 88' lang='lat' dir='ltr'><strong>quorum</strong></span> <span class='ocrx_word' id='word_1_42' title='bbox 772 819 818 859; x_wconf 88' lang='lat' dir='ltr'><strong>res</strong></span> <span class='ocrx_word' id='word_1_43' title='bbox 848 809 946 876; x_wconf 85' lang='lat' dir='ltr'><strong>gestas</strong></span> 
     </span>
     <span class='ocr_line' id='line_1_7' title="bbox 70 897 947 973; baseline 0.005 -15"><span class='ocrx_word' id='word_1_44' title='bbox 70 905 158 958; x_wconf 87' lang='lat' dir='ltr'><strong>‘cum</strong></span> <span class='ocrx_word' id='word_1_45' title='bbox 177 897 293 973; x_wconf 82' lang='lat' dir='ltr'><strong>plurimi</strong></span> <span class='ocrx_word' id='word_1_46' title='bbox 313 898 540 969; x_wconf 73' lang='lat' dir='ltr'><strong>composuerint,</strong></span> <span class='ocrx_word' id='word_1_47' title='bbox 570 915 657 958; x_wconf 88' lang='lat' dir='ltr'><strong>nemo</strong></span> <span class='ocrx_word' id='word_1_48' title='bbox 682 900 747 958; x_wconf 88' lang='lat' dir='ltr'><strong>sine</strong></span> <span class='ocrx_word' id='word_1_49' title='bbox 761 901 872 960; x_wconf 80' lang='lat' dir='ltr'>honore</span> <span class='ocrx_word' id='word_1_50' title='bbox 887 919 947 962; x_wconf 81' lang='lat' dir='ltr'><strong>me-</strong></span> 
     </span>
     <span class='ocr_line' id='line_1_8' title="bbox 70 996 948 1075; baseline 0.003 -18"><span class='ocrx_word' id='word_1_51' title='bbox 70 998 231 1058; x_wconf 77' lang='lat' dir='ltr'><strong>‘moravib</strong></span> <span class='ocrx_word' id='word_1_52' title='bbox 273 997 363 1056; x_wconf 76' lang='lat' dir='ltr'><strong>Titus</strong></span> <span class='ocrx_word' id='word_1_53' title='bbox 384 996 498 1063; x_wconf 83' lang='lat' dir='ltr'><strong>Livius,</strong></span> <span class='ocrx_word' id='word_1_54' title='bbox 513 999 698 1074; x_wconf 76' lang='lat' dir='ltr'><strong>eloquentiae</strong></span> <span class='ocrx_word' id='word_1_55' title='bbox 727 1001 844 1058; x_wconf 83' lang='lat' dir='ltr'><strong>aclidei</strong></span> <span class='ocrx_word' id='word_1_56' title='bbox 866 1019 948 1075; x_wconf 86' lang='lat' dir='ltr'><strong>prae·</strong></span> 
     </span>
     <span class='ocr_line' id='line_1_9' title="bbox 72 1098 947 1172; baseline 0.001 -15"><span class='ocrx_word' id='word_1_57' title='bbox 72 1105 81 1133; x_wconf 88' lang='lat'>‘</span> <span class='ocrx_word' id='word_1_58' title='bbox 97 1103 194 1158; x_wconf 90' lang='lat' dir='ltr'><strong>clarus</strong></span> <span class='ocrx_word' id='word_1_59' title='bbox 209 1098 362 1172; x_wconf 88' lang='lat' dir='ltr'><strong>inprimis,</strong></span> <span class='ocrx_word' id='word_1_60' title='bbox 391 1098 447 1156; x_wconf 86' lang='lat' dir='ltr'><strong>Cn.</strong></span> <span class='ocrx_word' id='word_1_61' title='bbox 463 1098 635 1170; x_wconf 81' lang='lat' dir='ltr'><strong>Pompeium</strong></span> <span class='ocrx_word' id='word_1_62' title='bbox 650 1099 739 1156; x_wconf 90' lang='lat' dir='ltr'><strong>tantis</strong></span> <span class='ocrx_word' id='word_1_63' title='bbox 753 1101 887 1160; x_wconf 74' lang='lat' dir='ltr'><strong>laudibus</strong></span> <span class='ocrx_word' id='word_1_64' title='bbox 902 1107 947 1159; x_wconf 89' lang='lat' dir='ltr'><strong>tu·</strong></span> 
     </span>
     <span class='ocr_line' id='line_1_10' title="bbox 72 1189 950 1276; baseline 0.001 -18"><span class='ocrx_word' id='word_1_65' title='bbox 72 1199 137 1268; x_wconf 71' lang='lat' dir='ltr'><strong>‘tin</strong></span> <span class='ocrx_word' id='word_1_66' title='bbox 151 1205 183 1258; x_wconf 91' lang='lat' dir='ltr'><strong>ut</strong></span> <span class='ocrx_word' id='word_1_67' title='bbox 198 1196 402 1276; x_wconf 78' lang='lat' dir='ltr'><strong>Ponspricuum</strong></span> <span class='ocrx_word' id='word_1_68' title='bbox 415 1189 483 1254; x_wconf 88' lang='lat' dir='ltr'><strong>eum</strong></span> <span class='ocrx_word' id='word_1_69' title='bbox 498 1200 645 1272; x_wconf 82' lang='lat' dir='ltr'><strong>Augustus</strong></span> <span class='ocrx_word' id='word_1_70' title='bbox 659 1200 820 1272; x_wconf 87' lang='lat' dir='ltr'><strong>adpellaret</strong></span> <span class='ocrx_word' id='word_1_71' title='bbox 832 1221 839 1256; x_wconf 75' lang='grc' dir='ltr'><strong>ι</strong></span> <span class='ocrx_word' id='word_1_72' title='bbox 851 1217 950 1276; x_wconf 83' lang='lat' dir='ltr'><strong>neque</strong></span> 
     </span>
     <span class='ocr_line' id='line_1_11' title="bbox 72 1296 949 1370; baseline -0.001 -12"><span class='ocrx_word' id='word_1_73' title='bbox 72 1299 121 1358; x_wconf 91' lang='lat' dir='ltr'><strong>‘id</strong></span> <span class='ocrx_word' id='word_1_74' title='bbox 131 1298 282 1357; x_wconf 85' lang='lat' dir='ltr'><strong>amicitiae</strong></span> <span class='ocrx_word' id='word_1_75' title='bbox 306 1313 405 1356; x_wconf 87' lang='lat' dir='ltr'><strong>eorum</strong></span> <span class='ocrx_word' id='word_1_76' title='bbox 423 1296 533 1354; x_wconf 80' lang='lat' dir='ltr'><strong>offecit.</strong></span> <span class='ocrx_word' id='word_1_77' title='bbox 575 1297 755 1370; x_wconf 80' lang='lat' dir='ltr'><strong>Scipionem,</strong></span> <span class='ocrx_word' id='word_1_78' title='bbox 778 1299 949 1369; x_wconf 79' lang='lat' dir='ltr'><strong>Afranium,</strong></span> 
     </span>
     <span class='ocr_line' id='line_1_12' title="bbox 71 1396 951 1472; baseline 0 -16"><span class='ocrx_word' id='word_1_79' title='bbox 71 1399 166 1456; x_wconf 82' lang='lat' dir='ltr'><strong>‘bunc</strong></span> <span class='ocrx_word' id='word_1_80' title='bbox 178 1398 273 1469; x_wconf 88' lang='lat' dir='ltr'><strong>ipsum</strong></span> <span class='ocrx_word' id='word_1_81' title='bbox 285 1397 429 1462; x_wconf 77' lang='lat' dir='ltr'><strong>Cassium,</strong></span> <span class='ocrx_word' id='word_1_82' title='bbox 439 1399 518 1454; x_wconf 86' lang='lat' dir='ltr'><strong>bunc</strong></span> <span class='ocrx_word' id='word_1_83' title='bbox 529 1397 661 1465; x_wconf 83' lang='lat' dir='ltr'><strong>Brutum,</strong></span> <span class='ocrx_word' id='word_1_84' title='bbox 672 1415 811 1472; x_wconf 84' lang='lat' dir='ltr'><strong>nusquam</strong></span> <span class='ocrx_word' id='word_1_85' title='bbox 822 1396 951 1456; x_wconf 71' lang='lat' dir='ltr'><strong>latrones</strong></span> 
     </span>
     <span class='ocr_line' id='line_1_13' title="bbox 71 1493 1076 1574; baseline -0.004 -18"><span class='ocrx_word' id='word_1_86' title='bbox 71 1503 117 1556; x_wconf 84' lang='lat' dir='ltr'><strong>‘et</strong></span> <span class='ocrx_word' id='word_1_87' title='bbox 125 1493 298 1574; x_wconf 81' lang='lat' dir='ltr'><strong>parricidas,</strong></span> <span class='ocrx_word' id='word_1_88' title='bbox 311 1513 385 1570; x_wconf 87' lang='lat' dir='ltr'><strong>qnae</strong></span> <span class='ocrx_word' id='word_1_89' title='bbox 401 1514 479 1554; x_wconf 91' lang='lat' dir='ltr'><strong>nunc</strong></span> <span class='ocrx_word' id='word_1_90' title='bbox 495 1499 637 1554; x_wconf 90' lang='lat' dir='ltr'><strong>vocabula</strong></span> <span class='ocrx_word' id='word_1_91' title='bbox 651 1496 849 1570; x_wconf 86' lang='lat' dir='ltr'><strong>imponuntur,</strong></span> <span class='ocrx_word' id='word_1_92' title='bbox 857 1515 951 1573; x_wconf 88' lang='lat' dir='ltr'><strong>saepe</strong></span> <span class='ocrx_word' id='word_1_93' title='bbox 963 1517 966 1521; x_wconf 92' lang='lat'>·</span> <span class='ocrx_word' id='word_1_94' title='bbox 1075 1543 1076 1552; x_wconf 69' lang='grc'>,</span> 
     </span>
     <span class='ocr_line' id='line_1_14' title="bbox 72 1596 953 1672; baseline -0.001 -16"><span class='ocrx_word' id='word_1_95' title='bbox 72 1603 123 1655; x_wconf 88' lang='lat' dir='ltr'><strong>‘ut</strong></span> <span class='ocrx_word' id='word_1_96' title='bbox 143 1596 268 1670; x_wconf 82' lang='lat' dir='ltr'><strong>insignis</strong></span> <span class='ocrx_word' id='word_1_97' title='bbox 290 1596 370 1654; x_wconf 88' lang='lat' dir='ltr'><strong>viros</strong></span> <span class='ocrx_word' id='word_1_98' title='bbox 393 1597 535 1654; x_wconf 88' lang='lat' dir='ltr'><strong>nominat.</strong></span> <span class='ocrx_word' id='word_1_99' title='bbox 570 1597 670 1656; x_wconf 80' lang='lat' dir='ltr'><strong>Asinii</strong></span> <span class='ocrx_word' id='word_1_100' title='bbox 692 1597 836 1654; x_wconf 87' lang='lat' dir='ltr'><strong>Pollionis</strong></span> <span class='ocrx_word' id='word_1_101' title='bbox 859 1597 953 1672; x_wconf 91' lang='lat' dir='ltr'><strong>scrip-</strong></span> 
     </span>
     <span class='ocr_line' id='line_1_15' title="bbox 72 1696 952 1770; baseline 0.001 -15"><span class='ocrx_word' id='word_1_102' title='bbox 72 1702 122 1755; x_wconf 85' lang='lat' dir='ltr'><strong>‘ta</strong></span> <span class='ocrx_word' id='word_1_103' title='bbox 135 1696 283 1770; x_wconf 84' lang='lat' dir='ltr'><strong>egregiam</strong></span> <span class='ocrx_word' id='word_1_104' title='bbox 294 1697 452 1753; x_wconf 85' lang='lat' dir='ltr'><strong>eorundem</strong></span> <span class='ocrx_word' id='word_1_105' title='bbox 468 1697 637 1754; x_wconf 85' lang='lat' dir='ltr'><strong>memoriam</strong></span> <span class='ocrx_word' id='word_1_106' title='bbox 651 1697 778 1754; x_wconf 88' lang='lat' dir='ltr'><strong>tradunt.</strong></span> <span class='ocrx_word' id='word_1_107' title='bbox 805 1697 952 1756; x_wconf 82' lang='lat' dir='ltr'><strong>Messalla</strong></span> 
     </span>
     <span class='ocr_line' id='line_1_16' title="bbox 72 1795 952 1870; baseline -0.006 -12"><span class='ocrx_word' id='word_1_108' title='bbox 72 1797 249 1864; x_wconf 68' lang='lat' dir='ltr'><strong>‘Corsican</strong></span> <span class='ocrx_word' id='word_1_109' title='bbox 265 1799 472 1870; x_wconf 80' lang='lat' dir='ltr'><strong>Imperatorem</strong></span> <span class='ocrx_word' id='word_1_110' title='bbox 493 1813 575 1854; x_wconf 88' lang='lat' dir='ltr'><strong>suum</strong></span> <span class='ocrx_word' id='word_1_111' title='bbox 591 1795 725 1854; x_wconf 77' lang='lat' dir='ltr'><strong>Cassium</strong></span> <span class='ocrx_word' id='word_1_112' title='bbox 739 1797 952 1868; x_wconf 87' lang='lat' dir='ltr'><strong>praedicabat:</strong></span> 
     </span>
     <span class='ocr_line' id='line_1_17' title="bbox 74 1893 953 1973; baseline -0.003 -17"><span class='ocrx_word' id='word_1_113' title='bbox 74 1903 123 1956; x_wconf 87' lang='lat' dir='ltr'><strong>‘et</strong></span> <span class='ocrx_word' id='word_1_114' title='bbox 144 1903 264 1972; x_wconf 83' lang='lat' dir='ltr'><strong>uterque</strong></span> <span class='ocrx_word' id='word_1_115' title='bbox 288 1897 447 1973; x_wconf 83' lang='lat' dir='ltr'><strong>opibusque</strong></span> <span class='ocrx_word' id='word_1_116' title='bbox 473 1893 560 1970; x_wconf 76' lang='lat' dir='ltr'><strong>atque</strong></span> <span class='ocrx_word' id='word_1_117' title='bbox 585 1895 742 1954; x_wconf 88' lang='lat' dir='ltr'><strong>bonoribus</strong></span> <span class='ocrx_word' id='word_1_118' title='bbox 765 1896 953 1970; x_wconf 81' lang='lat' dir='ltr'><strong>perviguere.</strong></span> 
     </span>
     <span class='ocr_line' id='line_1_18' title="bbox 75 1997 954 2072; baseline -0.002 -16"><span class='ocrx_word' id='word_1_119' title='bbox 75 1997 190 2056; x_wconf 82' lang='lat' dir='ltr'><strong>‘Marci</strong></span> <span class='ocrx_word' id='word_1_120' title='bbox 212 1997 366 2057; x_wconf 80' lang='lat' dir='ltr'><strong>Ciceronis</strong></span> <span class='ocrx_word' id='word_1_121' title='bbox 381 1997 463 2063; x_wconf 89' lang='lat' dir='ltr'><strong>libro,</strong></span> <span class='ocrx_word' id='word_1_122' title='bbox 486 2014 543 2072; x_wconf 88' lang='lat' dir='ltr'><strong>quo</strong></span> <span class='ocrx_word' id='word_1_123' title='bbox 568 1997 713 2055; x_wconf 78' lang='lat' dir='ltr'><strong>Catonern</strong></span> <span class='ocrx_word' id='word_1_124' title='bbox 737 1998 824 2054; x_wconf 92' lang='lat' dir='ltr'><strong>coelo</strong></span> <span class='ocrx_word' id='word_1_125' title='bbox 845 2013 954 2072; x_wconf 85' lang='lat' dir='ltr'><strong>aequa·</strong></span> 
     </span>
     <span class='ocr_line' id='line_1_19' title="bbox 75 2095 952 2175; baseline -0.005 -17"><span class='ocrx_word' id='word_1_126' title='bbox 75 2102 150 2168; x_wconf 85' lang='lat' dir='ltr'><strong>‘vit,</strong></span> <span class='ocrx_word' id='word_1_127' title='bbox 176 2097 244 2175; x_wconf 87' lang='lat' dir='ltr'><strong>quid</strong></span> <span class='ocrx_word' id='word_1_128' title='bbox 274 2097 352 2155; x_wconf 84' lang='lat' dir='ltr'><strong>aliud</strong></span> <span class='ocrx_word' id='word_1_129' title='bbox 382 2095 519 2154; x_wconf 76' lang='lat' dir='ltr'><strong>Dictator</strong></span> <span class='ocrx_word' id='word_1_130' title='bbox 546 2096 666 2162; x_wconf 83' lang='lat' dir='ltr'><strong>Caesar,</strong></span> <span class='ocrx_word' id='word_1_131' title='bbox 694 2113 780 2170; x_wconf 88' lang='lat' dir='ltr'><strong>quam</strong></span> <span class='ocrx_word' id='word_1_132' title='bbox 808 2096 952 2170; x_wconf 85' lang='lat' dir='ltr'><strong>rescripta</strong></span> 
     </span>
     <span class='ocr_line' id='line_1_20' title="bbox 75 2193 952 2270; baseline -0.005 -12"><span class='ocrx_word' id='word_1_133' title='bbox 75 2199 233 2269; x_wconf 69' lang='lat' dir='ltr'><strong>‘oratione</strong></span> <span class='ocrx_word' id='word_1_134' title='bbox 258 2199 339 2255; x_wconf 90' lang='lat' dir='ltr'><strong>velut</strong></span> <span class='ocrx_word' id='word_1_135' title='bbox 361 2197 436 2270; x_wconf 89' lang='lat' dir='ltr'><strong>apud</strong></span> <span class='ocrx_word' id='word_1_136' title='bbox 462 2195 584 2262; x_wconf 87' lang='lat' dir='ltr'><strong>iudices,</strong></span> <span class='ocrx_word' id='word_1_137' title='bbox 607 2193 777 2269; x_wconf 84' lang='lat' dir='ltr'><strong>respondit?</strong></span> <span class='ocrx_word' id='word_1_138' title='bbox 819 2196 952 2254; x_wconf 83' lang='lat' dir='ltr'><strong>Antonii</strong></span> 
     </span>
     <span class='ocr_line' id='line_1_21' title="bbox 75 2295 952 2373; baseline -0.002 -17"><span class='ocrx_word' id='word_1_139' title='bbox 75 2299 247 2373; x_wconf 71' lang='lat' dir='ltr'><strong>‘epistolae</strong></span> <span class='ocrx_word' id='word_1_140' title='bbox 267 2296 351 2356; x_wconf 86' lang='lat' dir='ltr'><strong>Bruti</strong></span> <span class='ocrx_word' id='word_1_141' title='bbox 370 2295 539 2364; x_wconf 88' lang='lat' dir='ltr'><strong>conciones,</strong></span> <span class='ocrx_word' id='word_1_142' title='bbox 561 2297 635 2354; x_wconf 82' lang='lat' dir='ltr'><strong>salsa</strong></span> <span class='ocrx_word' id='word_1_143' title='bbox 648 2296 766 2370; x_wconf 81' lang='lat' dir='ltr'><strong>quidem</strong></span> <span class='ocrx_word' id='word_1_144' title='bbox 786 2295 818 2353; x_wconf 92' lang='lat' dir='ltr'><strong>in</strong></span> <span class='ocrx_word' id='word_1_145' title='bbox 835 2298 952 2371; x_wconf 84' lang='lat' dir='ltr'><strong>Augus·</strong></span> 
     </span>
     <span class='ocr_line' id='line_1_22' title="bbox 75 2395 952 2472; baseline -0.006 -15"><span class='ocrx_word' id='word_1_146' title='bbox 75 2405 155 2458; x_wconf 86' lang='lat' dir='ltr'><strong>‘tum</strong></span> <span class='ocrx_word' id='word_1_147' title='bbox 184 2401 295 2472; x_wconf 89' lang='lat' dir='ltr'><strong>probra,</strong></span> <span class='ocrx_word' id='word_1_148' title='bbox 322 2397 373 2454; x_wconf 87' lang='lat' dir='ltr'><strong>sed</strong></span> <span class='ocrx_word' id='word_1_149' title='bbox 405 2398 495 2453; x_wconf 86' lang='lat' dir='ltr'><strong>mulla</strong></span> <span class='ocrx_word' id='word_1_150' title='bbox 522 2413 589 2452; x_wconf 88' lang='lat' dir='ltr'><strong>oum</strong></span> <span class='ocrx_word' id='word_1_151' title='bbox 622 2395 783 2452; x_wconf 83' lang='lat' dir='ltr'><strong>acerbitate</strong></span> <span class='ocrx_word' id='word_1_152' title='bbox 817 2397 952 2454; x_wconf 84' lang='lat' dir='ltr'><strong>habent:</strong></span> 
     </span>
     <span class='ocr_line' id='line_1_23' title="bbox 75 2493 951 2562; baseline -0.005 -6"><span class='ocrx_word' id='word_1_153' title='bbox 75 2499 225 2556; x_wconf 84' lang='lat' dir='ltr'><strong>‘carmina</strong></span> <span class='ocrx_word' id='word_1_154' title='bbox 256 2494 391 2552; x_wconf 79' lang='lat' dir='ltr'><strong>Bibaculi</strong></span> <span class='ocrx_word' id='word_1_155' title='bbox 424 2499 455 2552; x_wconf 87' lang='lat' dir='ltr'><strong>et</strong></span> <span class='ocrx_word' id='word_1_156' title='bbox 483 2493 603 2562; x_wconf 82' lang='lat' dir='ltr'><strong>catulli,</strong></span> <span class='ocrx_word' id='word_1_157' title='bbox 630 2495 735 2552; x_wconf 78' lang='lat' dir='ltr'><strong>referta</strong></span> <span class='ocrx_word' id='word_1_158' title='bbox 761 2495 951 2552; x_wconf 89' lang='lat' dir='ltr'><strong>contumeliis</strong></span> 
     </span>
     <span class='ocr_line' id='line_1_24' title="bbox 74 2593 952 2670; baseline -0.005 -15"><span class='ocrx_word' id='word_1_159' title='bbox 74 2599 261 2662; x_wconf 74' lang='lat' dir='ltr'><strong>‘Caesarum</strong></span> <span class='ocrx_word' id='word_1_160' title='bbox 290 2598 439 2670; x_wconf 82' lang='lat' dir='ltr'><strong>leguntur:</strong></span> <span class='ocrx_word' id='word_1_161' title='bbox 467 2596 518 2652; x_wconf 90' lang='lat' dir='ltr'><strong>sed</strong></span> <span class='ocrx_word' id='word_1_162' title='bbox 544 2595 607 2668; x_wconf 89' lang='lat' dir='ltr'><strong>ipse</strong></span> <span class='ocrx_word' id='word_1_163' title='bbox 631 2593 670 2652; x_wconf 87' lang='lat' dir='ltr'><strong>D.</strong></span> <span class='ocrx_word' id='word_1_164' title='bbox 695 2595 797 2660; x_wconf 84' lang='lat' dir='ltr'><strong>lulius,</strong></span> <span class='ocrx_word' id='word_1_165' title='bbox 820 2595 885 2669; x_wconf 85' lang='lat' dir='ltr'><strong>ipse</strong></span> <span class='ocrx_word' id='word_1_166' title='bbox 908 2596 952 2653; x_wconf 90' lang='lat' dir='ltr'><strong>D.</strong></span> 
     </span>
     <span class='ocr_line' id='line_1_25' title="bbox 74 2695 950 2771; baseline -0.002 -15"><span class='ocrx_word' id='word_1_167' title='bbox 74 2699 253 2771; x_wconf 65' lang='lat' dir='ltr'><strong>‘Augustus</strong></span> <span class='ocrx_word' id='word_1_168' title='bbox 277 2700 307 2752; x_wconf 89' lang='lat' dir='ltr'><strong>et</strong></span> <span class='ocrx_word' id='word_1_169' title='bbox 321 2697 412 2754; x_wconf 89' lang='lat' dir='ltr'><strong>tulere</strong></span> <span class='ocrx_word' id='word_1_170' title='bbox 436 2695 502 2762; x_wconf 85' lang='lat' dir='ltr'><strong>ista,</strong></span> <span class='ocrx_word' id='word_1_171' title='bbox 525 2700 556 2752; x_wconf 90' lang='lat' dir='ltr'><strong>et</strong></span> <span class='ocrx_word' id='word_1_172' title='bbox 580 2695 739 2770; x_wconf 79' lang='lat' dir='ltr'><strong>reliquere3</strong></span> <span class='ocrx_word' id='word_1_173' title='bbox 759 2697 835 2754; x_wconf 89' lang='lat' dir='ltr'><strong>baud</strong></span> <span class='ocrx_word' id='word_1_174' title='bbox 860 2697 950 2755; x_wconf 85' lang='lat' dir='ltr'><strong>lacile</strong></span> 
     </span>
     <span class='ocr_line' id='line_1_26' title="bbox 74 2794 949 2872; baseline 0.001 -19"><span class='ocrx_word' id='word_1_175' title='bbox 74 2795 228 2862; x_wconf 71' lang='lat' dir='ltr'><strong>‘dixerim</strong></span> <span class='ocrx_word' id='word_1_176' title='bbox 250 2795 449 2870; x_wconf 88' lang='lat' dir='ltr'><strong>moderatione</strong></span> <span class='ocrx_word' id='word_1_177' title='bbox 464 2794 567 2869; x_wconf 82' lang='lat' dir='ltr'><strong>magis,</strong></span> <span class='ocrx_word' id='word_1_178' title='bbox 587 2812 624 2853; x_wconf 86' lang='lat' dir='ltr'><strong>an</strong></span> <span class='ocrx_word' id='word_1_179' title='bbox 649 2795 802 2869; x_wconf 87' lang='lat' dir='ltr'><strong>sapientia.</strong></span> <span class='ocrx_word' id='word_1_180' title='bbox 824 2812 949 2872; x_wconf 88' lang='lat' dir='ltr'><strong>namque</strong></span> 
     </span>
     <span class='ocr_line' id='line_1_27' title="bbox 74 2883 948 2970; baseline -0.002 -16"><span class='ocrx_word' id='word_1_181' title='bbox 74 2899 191 2970; x_wconf 86' lang='lat' dir='ltr'><strong>‘spreta</strong></span> <span class='ocrx_word' id='word_1_182' title='bbox 217 2883 407 2952; x_wconf 83' lang='lat' dir='ltr'><strong>exolescunt:</strong></span> <span class='ocrx_word' id='word_1_183' title='bbox 438 2895 464 2952; x_wconf 87' lang='lat' dir='ltr'><strong>si</strong></span> <span class='ocrx_word' id='word_1_184' title='bbox 491 2895 626 2963; x_wconf 82' lang='lat' dir='ltr'><strong>irascare,</strong></span> <span class='ocrx_word' id='word_1_185' title='bbox 653 2895 774 2970; x_wconf 83' lang='lat' dir='ltr'><strong>adgnita</strong></span> <span class='ocrx_word' id='word_1_186' title='bbox 799 2895 948 2954; x_wconf 87' lang='lat' dir='ltr'><strong>videnlur.</strong></span> 
     </span>
     <span class='ocr_line' id='line_1_28' title="bbox 22 2983 948 3068; baseline -0.002 -16"><span class='ocrx_word' id='word_1_187' title='bbox 22 2983 62 3067; x_wconf 65' lang='grc'><strong>35</strong></span> <span class='ocrx_word' id='word_1_188' title='bbox 75 3003 83 3029; x_wconf 90' lang='lat'>‘</span> <span class='ocrx_word' id='word_1_189' title='bbox 96 2995 164 3052; x_wconf 91' lang='lat' dir='ltr'><strong>Non</strong></span> <span class='ocrx_word' id='word_1_190' title='bbox 179 2992 300 3068; x_wconf 83' lang='lat' dir='ltr'><strong>adliugo</strong></span> <span class='ocrx_word' id='word_1_191' title='bbox 323 2993 463 3062; x_wconf 84' lang='lat' dir='ltr'><strong>Graecos,</strong></span> <span class='ocrx_word' id='word_1_192' title='bbox 487 3011 606 3068; x_wconf 89' lang='lat' dir='ltr'><strong>quorum</strong></span> <span class='ocrx_word' id='word_1_193' title='bbox 629 3013 687 3052; x_wconf 88' lang='lat' dir='ltr'><strong>non</strong></span> <span class='ocrx_word' id='word_1_194' title='bbox 707 2996 794 3053; x_wconf 91' lang='lat' dir='ltr'><strong>modo</strong></span> <span class='ocrx_word' id='word_1_195' title='bbox 817 2994 948 3064; x_wconf 89' lang='lat' dir='ltr'><strong>libertas,</strong></span> 
     </span>
     <span class='ocr_line' id='line_1_29' title="bbox 74 3092 947 3168; baseline 0.002 -19"><span class='ocrx_word' id='word_1_196' title='bbox 74 3094 181 3150; x_wconf 81' lang='lat' dir='ltr'><strong>‘eliam</strong></span> <span class='ocrx_word' id='word_1_197' title='bbox 202 3093 293 3148; x_wconf 93' lang='lat' dir='ltr'><strong>libido</strong></span> <span class='ocrx_word' id='word_1_198' title='bbox 306 3092 466 3163; x_wconf 86' lang='lat' dir='ltr'><strong>impunita:</strong></span> <span class='ocrx_word' id='word_1_199' title='bbox 488 3098 546 3159; x_wconf 87' lang='lat' dir='ltr'><strong>aut,</strong></span> <span class='ocrx_word' id='word_1_200' title='bbox 568 3094 671 3168; x_wconf 87' lang='lat' dir='ltr'><strong>siquis</strong></span> <span class='ocrx_word' id='word_1_201' title='bbox 695 3095 832 3162; x_wconf 82' lang='lat' dir='ltr'><strong>advertit,</strong></span> <span class='ocrx_word' id='word_1_202' title='bbox 855 3093 947 3152; x_wconf 89' lang='lat' dir='ltr'><strong>dictis</strong></span> 
     </span>
     <span class='ocr_line' id='line_1_30' title="bbox 73 3189 948 3251; baseline 0.005 -4"><span class='ocrx_word' id='word_1_203' title='bbox 73 3190 173 3247; x_wconf 86' lang='lat' dir='ltr'><strong>‘dicia</strong></span> <span class='ocrx_word' id='word_1_204' title='bbox 194 3191 270 3246; x_wconf 91' lang='lat' dir='ltr'><strong>ultus</strong></span> <span class='ocrx_word' id='word_1_205' title='bbox 294 3193 346 3244; x_wconf 84' lang='lat' dir='ltr'><strong>est.</strong></span> <span class='ocrx_word' id='word_1_206' title='bbox 390 3189 449 3246; x_wconf 85' lang='lat' dir='ltr'><strong>Sed</strong></span> <span class='ocrx_word' id='word_1_207' title='bbox 471 3191 599 3248; x_wconf 88' lang='lat' dir='ltr'><strong>maxime</strong></span> <span class='ocrx_word' id='word_1_208' title='bbox 623 3193 794 3250; x_wconf 74' lang='lat' dir='ltr'><strong>solutumst</strong></span> <span class='ocrx_word' id='word_1_209' title='bbox 818 3193 884 3250; x_wconf 89' lang='lat' dir='ltr'><strong>sine</strong></span> <span class='ocrx_word' id='word_1_210' title='bbox 898 3195 948 3251; x_wconf 88' lang='lat' dir='ltr'><strong>ob·</strong></span> 
     </span>
    </p>
   </div>
   <div class='ocr_carea' id='block_1_3' title="bbox 7 3343 948 3476">
    <p class='ocr_par' dir='ltr' id='par_1_3' title="bbox 7 3343 948 3476">
     <span class='ocr_line' id='line_1_31' title="bbox 7 3343 948 3428; baseline 0.014 -25"><span class='ocrx_word' id='word_1_211' title='bbox 7 3343 8 3354; x_wconf 39' lang='lat'>¹</span> <span class='ocrx_word' id='word_1_212' title='bbox 102 3361 180 3406; x_wconf 78' lang='lat' dir='ltr'><strong>Asinii</strong></span> <span class='ocrx_word' id='word_1_213' title='bbox 189 3359 300 3428; x_wconf 71' lang='lat' dir='ltr'><strong>Pollionis</strong></span> <span class='ocrx_word' id='word_1_214' title='bbox 313 3357 404 3426; x_wconf 74' lang='lat' dir='ltr'><strong>scipta]</strong></span> <span class='ocrx_word' id='word_1_215' title='bbox 436 3359 480 3410; x_wconf 77' lang='lat' dir='ltr'><strong>Qui</strong></span> <span class='ocrx_word' id='word_1_216' title='bbox 492 3363 526 3406; x_wconf 84' lang='lat'><strong>17.</strong></span> <span class='ocrx_word' id='word_1_217' title='bbox 543 3359 613 3408; x_wconf 83' lang='lat' dir='ltr'><strong>libros</strong></span> <span class='ocrx_word' id='word_1_218' title='bbox 623 3362 777 3412; x_wconf 89' lang='lat' dir='ltr'><strong>Historiarum</strong></span> <span class='ocrx_word' id='word_1_219' title='bbox 787 3366 885 3428; x_wconf 86' lang='lat' dir='ltr'><strong>scripsit,</strong></span> <span class='ocrx_word' id='word_1_220' title='bbox 896 3381 948 3416; x_wconf 82' lang='lat' dir='ltr'><strong>auc-</strong></span> 
     </span>
     <span class='ocr_line' id='line_1_32' title="bbox 72 3417 624 3476; baseline 0.013 -16"><span class='ocrx_word' id='word_1_221' title='bbox 72 3419 122 3461; x_wconf 86' lang='lat' dir='ltr'><strong>tore</strong></span> <span class='ocrx_word' id='word_1_222' title='bbox 132 3419 207 3464; x_wconf 80' lang='lat' dir='ltr'><strong>Suida.</strong></span> <span class='ocrx_word' id='word_1_223' title='bbox 239 3417 302 3463; x_wconf 84' lang='lat' dir='ltr'><strong>Crtai</strong></span> <span class='ocrx_word' id='word_1_224' title='bbox 312 3419 437 3472; x_wconf 72' lang='lat' dir='ltr'><strong>suetonius,</strong></span> <span class='ocrx_word' id='word_1_225' title='bbox 448 3423 471 3462; x_wconf 83' lang='lat' dir='ltr'><strong>et</strong></span> <span class='ocrx_word' id='word_1_226' title='bbox 481 3417 528 3464; x_wconf 90' lang='lat' dir='ltr'><strong>alii.</strong></span> <span class='ocrx_word' id='word_1_227' title='bbox 561 3419 624 3476; x_wconf 65' lang='lat' dir='ltr'><strong>laps.</strong></span> 
     </span>
    </p>
   </div>
   <div class='ocr_carea' id='block_1_4' title="bbox 101 3491 758 3559">
    <p class='ocr_par' dir='ltr' id='par_1_4' title="bbox 101 3491 758 3559">
     <span class='ocr_line' id='line_1_33' title="bbox 101 3491 758 3559; baseline 0.017 -22"><span class='ocrx_word' id='word_1_228' title='bbox 101 3491 178 3540; x_wconf 82' lang='lat' dir='ltr'><strong>Rescr.</strong></span> <span class='ocrx_word' id='word_1_229' title='bbox 189 3495 295 3555; x_wconf 68' lang='lat' dir='ltr'><strong>motum]</strong></span> <span class='ocrx_word' id='word_1_230' title='bbox 328 3492 468 3542; x_wconf 72' lang='lat' dir='ltr'><strong>Anticatone.</strong></span> <span class='ocrx_word' id='word_1_231' title='bbox 485 3496 546 3546; x_wconf 87' lang='lat' dir='ltr'><strong>Plot.</strong></span> <span class='ocrx_word' id='word_1_232' title='bbox 558 3497 581 3544; x_wconf 92' lang='lat' dir='ltr'><strong>in</strong></span> <span class='ocrx_word' id='word_1_233' title='bbox 591 3497 656 3546; x_wconf 83' lang='lat' dir='ltr'><strong>Caes.</strong></span> <span class='ocrx_word' id='word_1_234' title='bbox 667 3513 690 3559; x_wconf 83' lang='lat' dir='ltr'><strong>p.</strong></span> <span class='ocrx_word' id='word_1_235' title='bbox 702 3505 758 3548; x_wconf 82' lang='grc'><strong>733.</strong></span> 
     </span>
    </p>
   </div>
   <div class='ocr_carea' id='block_1_5' title="bbox 0 0 1090 3834">
    <p class='ocr_par' dir='ltr' id='par_1_5' title="bbox 0 0 1090 3834">
     <span class='ocr_line' id='line_1_34' title="bbox 0 0 1090 3834; baseline 0 0"><span class='ocrx_word' id='word_1_236' title='bbox 0 0 1090 3834; x_wconf 95' lang='lat' dir='ltr'><strong> </strong></span> 
     </span>
    </p>
   </div>
  </div>
 </body>
</html>
