2172 3842
99 263 163 316 xxvi
420 261 642 315 PRAEl'ATlO.

98 417 176 480 salsa
192 417 232 480 de
249 417 448 494 Christianis,
476 419 612 482 absurda
637 418 677 482 de
702 417 724 482 J
730 417 837 482 udaeis
863 419 971 505 prodi·

99 524 156 599 dit,
172 525 397 610 praejudicatis
415 525 572 601 turcanis,
590 534 653 588 tum
670 525 798 588 aliorum
816 527 969 610 opinioni-

98 631 157 694 bus
173 634 362 696 abstractus.
409 632 458 694 Ita
485 640 587 694 tamen
614 631 688 694 fidei
714 641 746 694 et
774 633 968 714 diligentiae,

98 759 190 822 quam
208 741 237 808 in
255 741 370 802 celeris
395 738 571 823 profitetur,
598 740 749 814 retinens,
767 748 811 813 ut,
827 739 879 800 vel
895 760 969 801 cum

98 845 177 909 haec
195 854 356 931 peccaret,
380 845 577 908 Christianos
594 844 731 908 incendii
748 845 889 919 crimine,
905 866 970 927 quo

97 951 187 1015 Nero
214 973 268 1014 eos
296 953 485 1037 perculerat,
510 949 702 1014 absolverit.¹
746 951 893 1014 Judaicis
916 971 971 1012 au·

98 1065 160 1122 lem
173 1059 411 1142 antiquitatibus
423 1080 499 1120 vera
512 1058 738 1143 quamplurima
754 1057 947 1120 intermiscet
959 1077 969 1132 3

96 1185 227 1248 eamque
241 1166 421 1247 religionem
439 1165 532 1226 valde
549 1165 759 1238 commendat,
776 1184 856 1246 qnae
873 1163 970 1225 deum

95 1270 245 1352 imagines
263 1271 443 1335 mortalibus
461 1271 598 1332 materiis
614 1269 644 1333 in
666 1270 792 1355 species
810 1269 969 1332 hominum

95 1398 156 1440 non
173 1379 302 1460 effingit,
319 1378 375 1440 sed
393 1378 460 1439 sine
477 1377 663 1450 simulacris,
680 1377 747 1438 sine
764 1398 882 1458 regum,
900 1375 969 1438 sine

96 1483 266 1548 Caesarum
298 1485 486 1559 adulatione,
516 1503 616 1547 uniam
646 1503 773 1558 numen,
807 1503 972 1547 sommum

95 1591 181 1656 illud
198 1599 226 1656 et
241 1599 415 1668 ueternum,
439 1612 538 1677 usque
554 1591 720 1668 mutabile,
741 1611 840 1677 neque
855 1592 969 1654 iuteri-

95 1697 226 1775 lurotu?
258 1709 437 1763 veneratur.
493 1697 587 1761 'ralia
618 1699 759 1761 veritatis
790 1697 971 1760 testimonia

95 1807 180 1891 apud
208 1807 324 1870 nullum
356 1805 518 1869 Romanae
548 1806 651 1888 gentis
682 1805 870 1891 scriptorem
894 1811 969 1868 ante

96 1915 249 1977 Tacitum
267 1913 407 1998 reperire
424 1920 484 1974 est.
535 1961 539 1972 .

140 2019 295 2083 Odiosum
308 2041 396 2094 vero,
409 2029 440 2081 et
458 2026 491 2100 ut
503 2018 625 2103 opinor,
648 2019 758 2084 falsum
776 2028 823 2082 est
840 2027 971 2090 aomos

96 2128 225 2203 crimen,
251 2126 337 2210 quod
363 2126 490 2210 quidam
520 2125 639 2188 Tacito
663 2127 829 2209 objiciunt.
877 2127 970 2192 Deos

95 2235 177 2298 enim
191 2235 306 2319 passim
320 2235 457 2315 agnovit,
471 2233 596 2315 negavit
610 2252 762 2316 nusquam
776 2257 785 2310 ;
802 2235 969 2319 ipsamque

95 2362 188 2428 opem
205 2341 366 2415 divinam,³
379 2359 482 2402 rerum
499 2340 701 2402 humanarum
715 2339 968 2418 dominatricem,

96 2455 255 2511 memorat.
302 2447 526 2511 Atrocioribus
565 2445 693 2530 quidem
729 2447 904 2510 sceleribus
936 2459 971 2512 et
1071 2459 1072 2463 ’

95 2555 239 2616 cladibus
256 2555 407 2627 offensus,
430 2552 597 2635 aliquando
614 2552 741 2629 dixerit,
754 2553 814 2616 diis
838 2575 897 2616 nou
914 2554 971 2618 ho·

96 2661 205 2735 mines,
237 2681 299 2724 non
328 2657 450 2744 imperii
481 2659 695 2734 securitatem,
727 2660 784 2721 aed
817 2661 968 2724 ultionem
1070 2699 1071 2745 q

96 2786 191 2829 curae
218 2787 290 2828 esse
306 2768 327 2843 ς·
360 2766 392 2828 id
420 2762 531 2831 ισιζιιας
559 2773 618 2841 est,
644 2788 704 2828 non
731 2788 808 2829 vero
833 2773 969 2834 alume.

96 2872 277 2936 Doleudum
294 2881 381 2935 certe
398 2874 483 2956 quod
507 2873 610 2934 Deum
634 2893 727 2936 unum
744 2895 804 2938 non
822 2875 968 2952 coluerit,

95 2987 128 3042 et
155 2957 192 3042 iu*
214 2979 272 3042 hac
299 2979 462 3042 exoriente
491 2977 689 3042 Christianae
716 2981 858 3042 veritatis
883 2982 970 3060 luce,

96 3105 178 3169 quae
195 3085 295 3170 ipsam
313 3085 452 3148 Neronis
468 3084 594 3148 domum
611 3087 773 3163 subierat,⁵
788 3107 967 3172 recensque

126 3255 134 3302 3
145 3256 219 3303 Tacit.
232 3257 315 3304 Annal.
328 3256 380 3314 XV,
390 3260 427 3305 u.
686 3257 783 3320 VTacit.
796 3257 858 3306 nist.
870 3259 901 3316 V,
911 3265 934 3307 ⁵.

125 3335 220 3383 ³Tacit.
233 3335 292 3383 Hist.
305 3335 345 3391 lV,
356 3338 392 3383 78.
685 3336 780 3384 ⁴Tacit.
792 3337 852 3384 flia.
867 3340 883 3394 l,
893 3342 914 3385 3.

124 3414 174 3462 51),
188 3414 277 3470 Paulus,
289 3414 360 3475 Epist.
373 3415 402 3460 ad
412 3413 566 3476 Philippenses
577 3413 618 3474 lV,
627 3417 664 3462 22.
689 3415 751 3463 Vide
760 3423 784 3463 et
793 3415 852 3464 intra
859 3417 926 3465 Tam.
937 3417 976 3478 ll,

96 3488 147 3530 aar.
157 3477 207 3524 ma
239 3473 328 3536 (Editio
337 3474 396 3531 lto.)
