2134 3826
99 233 148 314 24
428 252 612 304 auaasrvn
827 260 858 306 s.
874 259 906 308 V.
921 264 972 310 rar.

98 409 195 464 ‘tores
216 407 489 480 expostulaverint;
509 426 560 466 cur
573 414 675 467 contra
699 427 809 472 moram
828 413 972 488 obsequii,
1047 437 1050 446 ’

6 543 7 588 t
98 511 219 564 ‘contra
234 505 276 564 las
290 507 473 580 discipliuae,
488 509 550 566 uim
560 508 758 568 meditentur?
777 512 973 572 decernerent

6 647 7 664 r
98 608 241 682 ‘legatum
268 625 357 682 seque
381 625 478 666 coram
511 611 648 682 mandata
673 609 797 668 darent!
818 614 979 672 Adclama-

97 725 178 778 vere‚
199 715 250 766 ‘ut
261 709 339 766 tilius
354 709 455 766 Blaesi
471 708 601 766 tribuous
627 709 776 783 legatione
790 728 826 767 ea
840 689 973 786 iungere·

95 812 170 875 ‘tur,
190 814 357 883 peteretque
376 807 515 864 militibus
536 808 704 866 missionem
718 812 755 865 ab
774 811 904 868 sedecim
919 829 970 872 an·

96 906 170 964 ‘nia
204 915 303 964 cetera
327 908 520 972 mandaturos,
548 909 596 966 ubi
626 909 716 980 prima
745 909 969 982 provenissent'

96 1005 232 1064 Proiecto
246 1008 363 1072 iuvene,
375 1007 520 1064 modicum
530 1007 638 1064 otium:
652 1010 703 1064 sed
718 1007 864 1081 superbire
873 1012 971 1080 miles,
1060 1047 1061 1052 κ

94 1108 170 1180 quod
185 1107 260 1191 filius
286 1106 384 1181 legati,
403 1115 499 1164 orator
524 1107 657 1178 publicae
671 1125 802 1176 caussae,
828 1110 970 1170 satis.os·

95 1208 239 1272 tenderet,
261 1207 436 1264 necessitate
449 1223 599 1278 expresse,
624 1224 697 1282 quae
721 1225 771 1280 per
793 1207 967 1266 modestiam

43 1323 154 1384 gpnon
180 1307 381 1364 obtinuissent.
424 1307 541 1365 luteres
567 1305 716 1380 manipuli,
737 1311 806 1362 ante
827 1313 965 1381 coeptam

94 1405 270 1464 seditionem
297 1407 477 1480 Nauportum
504 1405 585 1463 missi
613 1407 651 1461 ob
682 1405 789 1462 itinera
808 1412 839 1464 et
860 1413 966 1482 pontes

93 1509 123 1562 et
149 1505 222 1562 alios
253 1522 328 1572 usus,
359 1510 509 1581 postquam
539 1506 683 1562 turbatum
703 1504 735 1561 iu
755 1506 859 1563 castris
880 1522 964 1564 acce·

91 1622 170 1678 pere,
204 1605 317 1662 vexilla
340 1607 533 1674 convellunt;
553 1603 729 1679 direptisque
757 1604 897 1678 proximis
917 1605 962 1662 vi·
1060 1639 1061 1648 κ

89 1703 144 1772 cis,
170 1703 290 1778 ipsoque
319 1704 480 1776 Nauporto,
507 1704 582 1778 quod
603 1703 756 1776 municipii
779 1705 871 1764 instar
891 1708 965 1773 erat,

89 1803 244 1861 retinentis
272 1803 459 1861 centuriones
494 1802 584 1860 inrisu
612 1810 642 1860 et
671 1803 868 1870 contumeliis,
901 1820 967 1878 pos·

89 1908 181 1960 tremo
197 1902 362 1962 verberibus
386 1901 584 1960 insectantur:
605 1901 761 1974 praecipui
782 1902 813 1959 in
830 1901 962 1960 Aufidie-

89 2021 158 2062 num
172 2003 288 2070 Rulum,
302 1991 661 2075 praelectum'caslrorum,
676 2000 728 2068 irb,
751 2018 837 2076 quem
860 2002 962 2076 derep·
1060 2001 1061 2008 ’

89 2107 149 2161 tum
171 2102 319 2169 vehiculo,
341 2100 464 2158 sarcinis
485 2107 618 2174 gravant,
642 2109 787 2176 aguntque
811 2101 904 2173 primo
928 2087 961 2158 in

88 2203 215 2278 agmine,
228 2219 280 2274 per
299 2199 454 2258 ludibrium
469 2200 644 2274 rogitantes:
666 2206 722 2256 ‘an
738 2206 798 2256 tant
817 2198 962 2256 immensa
1060 2211 1061 2220 ¹

88 2319 205 2370 ‘onera
219 2307 278 2358 tam
302 2301 391 2374 lunga
414 2299 519 2355 itinera
533 2300 658 2356 libenter
682 2295 800 2356 ferreti'
842 2299 960 2372 Quippe

87 2402 179 2460 Rulus
204 2401 255 2459 diu
279 2398 476 2472 manipularis,
499 2398 569 2454 dein
590 2398 733 2464 centurio,
760 2413 828 2454 mox
854 2397 958 2454 castris

86 2497 259 2574 praelectus,
283 2497 430 2571 antiquam
452 2497 609 2569 duramque
632 2495 767 2553 militiam
789 2498 960 2562 revocabat,
1060 2549 1061 2564 ,

86 2606 170 2656 velus
184 2597 279 2672 operis
293 2613 328 2654 ac
340 2595 455 2660 laboris,
468 2601 499 2651 et
512 2611 548 2650 eo
562 2593 709 2661 immitior,
730 2593 798 2668 quia
812 2596 957 2651 tolerave-v

32 2704 137 2771 21rat.
181 2698 291 2754 Horum
314 2695 442 2752 adventu
467 2693 677 2786 redintegrapur
700 2691 815 2760 seditio,
835 2699 866 2748 et
887 2691 957 2766 vagi
1060 2727 1061 2774 ]

84 2796 273 2856 circumiecta
294 2793 510 2866 populabantur.
553 2792 675 2848 Blaesus
687 2809 803 2864 paucos,
827 2791 955 2850 maxime

41 2902 51 2912 ‘
84 2897 190 2970 praeda
204 2899 332 2958 onustos,
345 2892 382 2947 ad
397 2898 532 2946 terrorem
553 2896 714 2946 ceterorum
738 2875 815 2947 adici
829 2889 954 2947 verberi·

84 2997 145 3061 bus,
169 2991 266 3049 claudi
290 3007 407 3046 carcere
431 2988 520 3044 iubet.
542 3005 608 3044 nam
623 2989 713 3045 etiam
734 2995 794 3045 tum
816 2990 913 3062 legato
936 3004 955 3045 a
1060 3033 1061 3044 ,

82 3089 300 3148 centurionibus
314 3095 343 3142 et
363 3086 473 3158 optimo
497 3103 608 3160 quoque
631 3086 852 3159 manipularium
874 3103 954 3158 pare·

82 3191 174 3246 batur.
216 3183 266 3242 Illi
279 3184 372 3241 obniti
396 3183 584 3258 trahentibus,
607 3201 742 3256 prensare
764 3185 956 3242 circumstan-

111 3359 197 3407 Cloudr'
206 3358 300 3418 carcere]
333 3357 358 3401 ln
373 3354 450 3401 castris
460 3353 547 3400 stativis
563 3367 713 3412 ergomrcer:
730 3362 754 3402 et
772 3371 821 3402 cum
840 3356 951 3405 exercitos
1060 3407 1061 3414 χ

81 3425 189 3473 moveret,
206 3417 295 3462 eosdem
315 3423 395 3460 eatena
410 3413 538 3470 trabebant,
553 3427 615 3460 more
633 3415 734 3473 militari,
752 3421 777 3462 ut
797 3416 852 3462 alibi
867 3417 949 3464 dicam.

83 3477 183 3525 lurensi.
193 3481 215 3533 6,
225 3477 277 3524 ido.
294 3473 356 3531 [ripa.
