2172 3842
421 673 514 728 GAB:
535 671 714 728 Buounuu

364 887 776 966 PRAEFATIO.

193 1139 241 1181 DE}
259 1137 349 1182 vinu
368 1135 413 1178 ET
431 1135 587 1178 scalenus
604 1133 775 1178 continuit
794 1135 928 1178 unctui.

112 1340 242 1418 -Gnius
267 1353 475 1418 Counnmus
501 1351 661 1414 Ticinus
686 1371 787 1435 pauca
803 1353 843 1416 de
860 1374 905 1429 se,
923 1353 1000 1416 nihil

120 1469 161 1530 de
179 1469 284 1552 putria
300 1477 333 1530 et
356 1469 475 1550 origine
497 1490 553 1530 sua
576 1468 728 1554 prodidit,
750 1467 873 1548 ingenio
889 1477 919 1529 et
938 1466 998 1528 vir-

120 1575 243 1636 tutibus
266 1575 383 1658 potius,
400 1596 493 1658 quain
517 1575 588 1636 loco
612 1595 648 1636 ac
666 1573 834 1657 majoribus
851 1575 999 1636 inclares-

121 1680 215 1742 cendi
229 1690 352 1742 centus.
382 1681 609 1744 Interamnates
620 1702 690 1742 euin
704 1679 892 1764 municipem
906 1697 999 1740 suum

119 1785 218 1848 luisse
232 1787 429 1867 gloriantur.¹
453 1785 844 1870 Patre,equiteR01nano,
861 1794 904 1850 et.
915 1803 997 1867 quae

121 1892 282 1974 equestris
299 1901 346 1954 est
364 1893 520 1966 nobilitas,
545 1893 693 1974 Belgicae
711 1891 831 1954 Galliae
849 1911 997 1976 procura·

64 1997 70 2020 s
121 2005 200 2071 tore,
217 1997 343 2078 genitus
362 1998 500 2060 videtur²
511 1998 598 2060 circu
610 2020 721 2060 aunum
736 1997 837 2061 Urbis
849 1997 995 2060 conditae

121 2107 259 2178 ucccn,³
281 2103 364 2166 Jesu
389 2103 508 2167 Christi
534 2111 702 2190 septimum
719 2113 751 2166 et
775 2101 997 2187 quinquagesi-

119 2229 214 2272 mum.
264 2209 436 2272 Pueritiam
453 2211 528 2291 egit,
546 2211 632 2286 dum,
649 2211 708 2272 sub
726 2211 855 2272 Nerone
873 2209 996 2294 cupidi·

120 2337 192 2378 num
209 2317 391 2391 immodico,
408 2339 468 2379 non
486 2317 579 2378 modo
596 2317 698 2392 Urbs,
715 2319 771 2379 sed
790 2337 946 2400 quaeque,
962 2321 997 2378 ut

120 2421 205 2486 Urbi
223 2423 377 2507 proximu,
401 2427 440 2486 ad
461 2445 552 2488 omne
569 2424 729 2486 libidinum
746 2443 845 2504 genus
861 2423 995 2508 proflue-

120 2527 206 2591 bant.
247 2529 295 2591 At
309 2551 367 2614 pei·
379 2539 525 2606 aetutem,
538 2531 840 2613 institutionemque,
851 2540 882 2592 et
896 2532 995 2616 prima
1078 2579 1079 2584 1

107 2633 280 2704 ¹literarum
304 2637 496 2710 rudimenta,
524 2638 562 2698 iis
593 2637 678 2699 viliis
710 2636 844 2699 intactus
870 2636 992 2699 crevit:

118 2745 186 2832 pari
203 2747 392 2827 integritate,
418 2747 542 2810 turbida
563 2745 696 2824 Galbae,
720 2745 868 2823 Othonis,
886 2757 917 2810 et
934 2747 993 2810 Vi·

119 2852 195 2914 tellii
218 2860 362 2936 tempora
377 2853 503 2937 elapsus
526 2861 586 2914 est.
633 2852 865 2938 Vespasianus,
889 2875 993 2917 renum

147 3022 155 3052 ¹
172 3021 224 3068 Hac
240 3023 269 3068 de
282 3037 307 3068 re
323 3023 389 3082 plum
407 3023 460 3070 vide
478 3024 538 3084 apud
558 3021 699 3071 Pmueiecum
718 3023 835 3082 unguent.
850 3024 953 3070 Historia
968 3025 994 3072 di

119 3080 200 3134 Tarni,
211 3096 262 3142 pag.
274 3085 303 3128 ⁴2
312 3091 336 3128 et
346 3096 405 3143 seqq.
440 3084 573 3138 luteramnu,
589 3099 646 3130 utine
662 3082 742 3138 Tarni,
759 3083 780 3129 iu
793 3084 881 3130 Ducatu
892 3085 991 3144 Spoleto.

147 3160 160 3192 ²
172 3159 230 3205 Plio.
244 3159 301 3206 Hist.
321 3160 375 3206 Nat.
393 3161 447 3216 Vll,
467 3165 498 3209 16.
533 3163 652 3222 Perpetem
664 3161 750 3222 Lipsius
760 3162 800 3207 alii
810 3177 853 3222 que
863 3163 927 3208 multi
938 3163 994 3209 exiu-

118 3219 229 3266 limuvere
249 3219 353 3266 Tacitum
373 3222 438 3267 luisse
459 3221 563 3280 Belgicae
583 3221 673 3268 Galliae
693 3226 867 3280 procuratorem,
888 3236 901 3266 a
919 3221 993 3268 Plinio

118 3283 274 3384 wilini?
307 3279 429 3340 Repugnat
453 3288 578 3339 temporum
598 3280 665 3333 ratio,
689 3293 747 3338 quae
770 3279 793 3323 in
812 3279 887 3323 'faciti
906 3285 992 3336 patrem

147 3414 159 3446 ³
171 3413 206 3460 De
216 3413 294 3462 Taciti
305 3417 382 3460 aetute
391 3415 444 3460 uatis
455 3419 542 3460 constat
553 3415 596 3458 exi
613 3428 637 3457 sn
648 3419 724 3456 aetate
736 3411 809 3460 Plinii,
821 3409 892 3466 Epist.
904 3407 945 3460 Vl,
955 3408 991 3452 20.

118 3471 257 3526 etvlmu.
291 3472 359 3520 Adde
369 3473 441 3534 ipsun
450 3471 588 3538 Tacitumin
623 3469 661 3515 iul.
673 3470 702 3514 de
711 3470 777 3514 Orat.
788 3479 838 3524 unp.
852 3469 897 3510 let
908 3465 942 3506 1⁷.
