2134 3826
92 220 140 288 56
419 245 604 292 ruurnrvur
818 245 896 294 nv.
912 247 966 342 ⁷⁶3
1061 319 1062 326 ἵ

88 401 120 454 et
147 395 248 454 satida.
298 397 403 472 Neque
431 398 456 454 ia
483 399 660 456 miseriarum
687 397 763 456 finis.
790 402 961 458 struendum

90 499 210 564 vatium,
230 500 371 570 petendus
391 516 496 572 agger:
525 499 743 572 amissamagna
755 517 791 554 ex
803 506 895 572 parte,
909 516 962 572 per
1061 503 1062 574 ᾗ

90 614 163 670 quae
177 597 303 670 egeritur
316 598 427 661 humus,
441 603 489 654 eut
504 598 650 654 exciditur
658 615 775 670 cespes:
799 616 856 654 non
868 604 964 656 tento·
1061 631 1062 684 p

89 694 132 752 ria
141 695 305 768 manipulis,
314 714 372 752 non
383 697 510 754 fomenta
521 698 628 752 sauciis
640 716 646 751 :
666 696 791 752 intectos
802 713 898 754 coeno
909 701 960 755 aut
1061 737 1062 760 ,

89 812 190 852 cruore
204 796 286 852 cibos
299 796 474 860 dividentes,
486 795 615 852 funestas
640 797 783 863 tenebras,
803 801 834 852 et
848 801 891 852 tot
905 797 956 852 bo·

90 889 200 951 minum
228 895 355 954 millibus
370 912 457 952 unum
472 895 530 952 iam
555 894 694 968 reliquum
717 895 795 952 diem
817 897 959 952 tamenta·

37 988 201 1050 nouantur.
241 994 331 1050 Forte
362 1011 460 1068 equus,
491 993 620 1066 abruptis
646 993 772 1053 vinculis
802 1011 894 1067 vagus
927 997 959 1052 et

88 1093 215 1150 clamore
237 1092 361 1158 territus,
375 1093 513 1166 quosdam
537 1091 751 1150 occurrentium
775 1093 954 1150 obturbsvit.

89 1196 170 1248 tanta
184 1192 252 1248 inde
263 1191 468 1260 consternatio,
482 1191 624 1262 inrupisse
637 1191 799 1248 Germanos
813 1192 958 1250 credenti·
1061 1197 1062 1250 ]

87 1306 145 1354 um,
160 1296 190 1346 ut
213 1291 313 1348 cuncti
328 1295 443 1350 ruerent
456 1290 493 1347 ed
515 1295 629 1362 portas:
650 1307 768 1364 quarum
792 1291 958 1350 decumana
1061 1353 1062 1356 Ἴ

88 1388 215 1444 maxime
230 1390 390 1460 petebatur,
403 1406 506 1446 aversa
521 1387 607 1456 hosti,
623 1393 654 1446 et
668 1388 845 1460 fugientibus
860 1389 959 1448 tutiora

88 1485 228 1550 Caecina,
252 1493 411 1558 comperto,
438 1505 544 1546 vanam
575 1505 639 1544 esse
666 1487 859 1554 formidinem,
887 1506 958 1546 cuns
1061 1527 1062 1530 =

88 1590 185 1641 tamen
207 1602 300 1660 neque
324 1584 508 1654 auctoritate,
532 1604 624 1660 neque
649 1587 791 1658 precibus,
814 1605 851 1644 ue
866 1603 957 1644 manu

86 1683 210 1757 quidem,
223 1684 363 1742 obsistere
376 1690 425 1741 aut
436 1685 561 1742 retinere
572 1685 693 1742 mititem
704 1686 797 1758 quiret
808 1685 957 1757 proiectus

86 1783 117 1840 in
131 1783 231 1840 limine
246 1789 345 1854 portae
360 1784 546 1842 miseratione
560 1785 686 1848 demum,
704 1779 771 1858 quia
786 1801 956 1857 percorpus

85 1881 174 1954 legati
197 1883 323 1940 eundum
345 1888 415 1948 erat,
437 1884 543 1941 clausit
563 1883 658 1940 viam:
688 1883 772 1940 simol
790 1881 905 1940 tribuni
924 1888 957 1940 et
1061 1887 1062 1962 ζ

33 1984 73 2049 67
85 1981 270 2038 centuriones
283 1981 386 2044 falsum
408 1999 544 2055 parmem
566 1983 734 2038 docuerunt.
776 1981 866 2038 Tunc
886 1999 957 2040 cou·
1061 2039 1062 2058 p

85 2085 192 2139 tractos
207 2081 237 2138 in
252 2080 403 2154 principia,
414 2081 562 2155 iussosque
575 2080 655 2137 dicta
669 2097 736 2140 cum
749 2079 955 2138 sitentioacci·

86 2198 165 2273 pers,
191 2179 327 2254 temporis
353 2197 389 2236 ae
414 2179 598 2236 necessitatis
626 2185 746 2236 monet:
776 2180 900 2235 ‘Vnam
921 2178 954 2236 iu
1061 2243 1062 2248 η

86 2281 195 2338 ‘armis
221 2283 361 2338 satutem:
382 2280 432 2336 sed
458 2295 495 2334 ea
517 2277 643 2335 consitio
671 2279 867 2350 temperanda,
896 2294 955 2334 ma·
1061 2315 1062 2342 2

86 2385 95 2412 ‘
109 2381 292 2454 necdumque
314 2379 389 2436 intre
403 2379 522 2442 vallum,
536 2377 630 2432 donec
653 2375 841 2450 expugnandi
855 2375 954 2432 hostes
1061 2393 1062 2402 ¹

85 2484 168 2551 ‘epe,
189 2479 304 2551 propius
323 2477 531 2534 succederent:
560 2491 628 2530 mox
655 2473 781 2549 undique
801 2491 956 2546 erumpen-
1061 2487 1062 2554 p

85 2577 190 2632 ‘dumr
212 2576 263 2633 itta
278 2575 428 2648 eruptione
451 2574 487 2630 ad
513 2573 649 2630 Rhenum
673 2571 828 2644 perveniri.
849 2569 956 2647 quodsi

84 2681 92 2707 ⁸
106 2673 248 2748 tugerent,
262 2673 350 2746 pluris
364 2672 463 2739 siivas,
479 2670 630 2744 profundas
645 2669 736 2744 magis
749 2671 877 2743 paludes,
891 2689 955 2728 sae-

84 2773 210 2829 ‘vitiam
224 2768 346 2829 bostium
360 2787 531 2843 superesse;
549 2773 580 2824 et
594 2769 753 2825 victoribus
776 2770 874 2836 decus,
891 2771 952 2844 glo·
1061 2757 1062 2760 ¹

84 2877 92 2904 ⁸
106 2870 193 2928 riam:
217 2887 290 2945 qnae
303 2869 383 2926 domi
396 2885 475 2936 cara,
487 2885 560 2940 quae
574 2865 605 2924 in
619 2866 722 2923 castris
736 2865 878 2934 honesta?
892 2885 952 2924 me-

83 2969 190 3028 morat:
212 2969 328 3026 reticuit
341 2969 378 3024 de
393 2967 533 3023 adversis.
575 2967 672 3038 Equos
691 2965 808 3032 dehinc,
828 2983 908 3023 orsus
930 2985 949 3024 a

83 3069 151 3135 suis,
176 3071 334 3142 legatorum
359 3066 601 3138 tribunorumque,
618 3065 698 3120 uuita
712 3063 881 3130 ambitione,
896 3065 952 3122 sor·

82 3167 202 3232 tissimo‚
225 3167 329 3236 cuique
344 3163 480 3220 bellatori
500 3164 595 3228 tradit,
610 3168 641 3218 ut
652 3161 692 3228 hi,
706 3179 773 3219 mox
799 3163 897 3235 pedes,
917 3163 954 3220 in

81 3266 194 3321 bostem
214 3265 396 3320 invaderent.

109 3435 242 3483 Decumum
257 3434 362 3495 monime]
395 3433 430 3480 Ea
439 3432 541 3494 oppoita
551 3431 679 3478 Praetoriae
689 3445 716 3477 ex
725 3431 826 3488 adverso,
838 3438 861 3479 et
879 3433 951 3493 pluri·
1061 3467 1062 3492 ,

80 3509 140 3602 pppp
148 3495 285 3610 pemoztpmab
302 3495 367 3542 hosts
377 3499 434 3552 erat,
444 3499 469 3540 et
477 3492 507 3540 ab
525 3505 553 3538 eo
566 3491 621 3539 ibat.
654 3491 713 3538 Vide
729 3491 839 3540 Militiam
849 3501 955 3541 nostram
