2134 3826
97 207 126 256 s.
142 205 170 254 c.
187 207 225 255 ra.
250 279 254 284 Ι
327 173 408 254 αι’
429 205 468 254 11.
521 205 599 254 car.
628 187 743 255 l.-3.
927 185 973 256 ⁷1

102 361 170 420 tidei
201 359 388 436 popularium
423 361 541 420 dittisns.
582 361 653 420 Post
674 362 764 420 tinem
787 360 922 420 Phraatis
942 354 1009 420 att

97 461 288 536 ¹sequentinm
316 477 427 536 regum,
453 463 491 518 ob
518 460 651 520 internas
671 462 781 520 caedes
810 479 919 520 venere
945 462 978 520 in

100 559 213 618 Vrbem
236 560 329 635 iegati
350 577 369 618 e
393 559 564 634 primoribus
590 561 716 627 Parthis,
740 561 789 635 qui
811 560 979 629 Vononem,
1019 611 1025 618 .

101 659 335 717 vetustissimum
350 659 506 718 liberorum
515 660 587 728 eius,
603 659 744 718 accirent.
788 659 980 735 Magnificum

103 757 133 815 id
147 757 206 815 sibi
219 758 347 818 credidit
362 758 482 826 Caesar,
502 759 640 834 auxitque
654 759 766 834 opibus.
787 765 818 818 et
838 777 980 832 accepere

106 857 222 914 barbari
244 859 400 923 laetantes,
415 863 446 914 nt
469 857 558 916 terme
577 860 615 915 ad
628 876 708 916 nova
731 858 864 932 imperia.
907 857 983 916 Mox

105 957 182 1014 subit
195 958 297 1030 pudor,
312 957 554 1031 ‘degeneravisse
570 957 710 1016 Parthos:
733 959 855 1031 petitum
868 956 928 1015 atio
942 973 981 1016 ex

107 1057 199 1114 ‘orbe
222 1073 332 1131 regem,
360 1055 487 1114 hostium
511 1055 620 1113 artibus
641 1056 805 1115 intectum:
826 1055 883 1114 iam
904 1057 982 1114 inter

107 1155 299 1229 ‘provincias
323 1155 472 1212 Romanas
499 1155 604 1212 sotium
639 1155 847 1214 Arsacidarum
871 1153 982 1224 haberi,

107 1253 258 1330 ‘darique
299 1253 363 1310 vbi
376 1253 458 1310 ittam
472 1253 593 1328 gloriam
608 1253 814 1312 trucidantium
836 1255 981 1324 Crassum,

109 1352 351 1412 ‘exturbantium
377 1353 558 1423 Antonium3
586 1353 611 1409 si
634 1353 813 1427 mancipium
838 1353 981 1422 Caesaris,

106 1458 170 1510 ‘tot
185 1471 239 1527 per
251 1469 346 1510 annos
360 1453 541 1510 servitutem
565 1469 740 1525 perpessum,
763 1453 877 1510 Parthis
892 1453 981 1528 impe·

107 1549 232 1610 ‘ritett'
254 1552 452 1608 Accendetrat
471 1551 666 1624 dedignantes
680 1558 711 1608 et
732 1552 804 1626 ipse,
818 1551 950 1610 diversus
964 1567 983 1608 a

110 1651 251 1709 maiorum
267 1650 424 1719 institutis3
445 1668 510 1708 raro
525 1655 642 1719 venatu,
655 1650 738 1726 segni
750 1645 885 1727 equorum
896 1668 982 1722 cura;

108 1751 243 1826 quotiens
272 1767 325 1824 per
355 1751 440 1807 urbes
468 1750 628 1820 incederet,
659 1750 784 1808 lecticae
811 1751 983 1826 gestamine,

107 1849 239 1925 fastuque
255 1865 326 1924 erga
343 1849 450 1921 patrias
465 1851 574 1923 epulas.
616 1849 862 1930 Inridebantnret
874 1849 985 1908 Graeci

106 1951 242 2017 comites,
257 1965 294 2006 ae
309 1947 454 2006 vilissima
478 1948 653 2006 utensilium
671 1952 780 2007 annnto
793 1953 911 2008 clausa:
932 1949 985 2006 aed

107 2047 237 2123 prompti
251 2045 358 2115 aditus,
380 2047 469 2105 obvia
493 2047 626 2115 comitas,
650 2047 768 2122 ignotae
789 2048 905 2106 Parthis
929 2048 986 2104 vir·

108 2151 196 2215 tutes,
222 2163 303 2204 nora
327 2144 420 2216 vitia;
439 2149 469 2202 et
491 2147 559 2220 quia
582 2147 709 2220 ipsorum
731 2146 857 2204 moribus
880 2145 987 2213 atiena,

110 2246 234 2320 perinde
254 2245 354 2302 odium
365 2244 464 2318 pravis
477 2252 508 2302 et
521 2245 661 2302 honestis.
703 2245 796 2320 Igitur
810 2245 1019 2313 Artabanua,3

110 2345 324 2404 Arsacidarum
336 2363 353 2401 e
367 2344 518 2418 sangnine,
529 2347 605 2418 apud
615 2345 717 2402 Dahas
726 2344 850 2411 aduitus,
864 2342 987 2410 excitur,

109 2444 263 2518 primoque
287 2460 445 2518 congressu
472 2443 562 2509 tusus,
590 2449 703 2516 reparat
728 2441 816 2511 vires,
844 2459 988 2518 regnoque

108 2543 227 2616 potitur.
263 2541 357 2599 Victo
367 2541 489 2600 Vononi
499 2541 657 2616 perfugium
670 2542 811 2600 Armenia
820 2541 881 2609 tuit,
894 2559 989 2600 vacua

110 2647 192 2709 tunc,
206 2641 340 2715 interque
355 2641 526 2698 Parthorum
539 2647 571 2698 et
588 2641 734 2699 Romanas
748 2659 819 2714 opes
832 2643 931 2710 infida,
951 2644 989 2700 ob

108 2743 206 2798 scetus
225 2739 363 2806 Antonii,
377 2739 426 2814 qui
440 2741 637 2806 Artavasden,
660 2757 757 2814 regem
774 2741 989 2812 Armeniorum,

111 2839 213 2912 speeie
239 2838 389 2896 amicitiae
413 2839 565 2903 intectum,
593 2839 662 2896 dein
687 2840 808 2898 catenis
828 2846 989 2907 oneratum,

112 2943 262 3012 postremo
276 2937 474 2994 interiecerat.
514 2937 586 2996 Eius
600 2937 675 2994 titius
693 2938 840 3006 Artaxias,
851 2939 990 2996 memoria

112 3037 205 3112 patris
220 3035 305 3094 nobis
330 3036 470 3104 intensus,
492 3037 698 3094 Arsacidarum
713 3037 743 3094 vi
758 3055 846 3111 seque
861 3053 991 3110 regnum-

111 3153 170 3212 que
191 3140 301 3192 tutatus
326 3139 381 3192 est.
406 3135 507 3194 occiso
530 3135 656 3196 Artaxia
682 3153 733 3207 per
756 3137 853 3192 dotum
877 3134 991 3207 propin·

110 3251 244 3310 quorum,
257 3234 374 3290 datus-a
400 3233 527 3292 Caesare
544 3233 693 3292 Armeniis
716 3221 872 3306 Tigranes,
886 3231 993 3286 deduc-

112 3338 218 3408 tusque
233 3331 264 3389 in
290 3349 444 3405 regnuma
470 3330 595 3390 Tiberio
609 3333 738 3387 Nerone.
781 3330 848 3384 Nec
870 3321 995 3391 Tigrani

111 3433 285 3490 diuturnum
298 3430 454 3506 imperium
477 3429 540 3497 tuit,
564 3445 658 3500 neque
683 3425 782 3482 tiberis
806 3421 879 3480 eius,
901 3429 996 3484 quam·
