2166 3834
71 243 151 312 198·
393 267 578 316 aunanrrbr
795 270 825 316 r.
843 268 874 317 u.
889 266 945 320 rer.

68 421 140 478 ‘bus
153 437 279 480 sororem
300 422 471 496 petivisset!
512 423 613 489 Catus,
627 425 658 480 ut
684 421 779 491 retuli,
795 420 944 484 Libonem

67 520 214 580 inlexerat
240 522 364 588 insidiis,
391 523 500 580 deinde
527 521 640 580 indicio
668 525 843 595 perculerat.
877 523 942 580 eius

68 637 174 695 operae
189 639 299 680 memor
318 621 467 685 Tiberius,
481 623 532 678 red
556 623 615 680 alia
643 623 848 694 praetendens.
861 623 940 684 exsi-

67 721 139 778 lium
153 722 324 794 deprecatus
344 727 405 778 est:
427 739 484 796 quo
508 721 603 778 minus
631 722 742 778 Senatu
771 725 939 794 pelleretur,

13 827 55 888 32
68 839 125 878 non
139 821 261 880 obstitit.
302 821 444 896 Pleraque
464 837 571 880 eorum.
599 837 674 895 qnae
690 821 785 889 retuli,
806 839 939 897 quaeque

66 921 198 994 referam,
219 939 310 995 parva
335 919 455 978 torsitan
482 926 513 978 et
540 919 620 978 levia
647 925 805 978 memoratu
832 921 939 989 videri,

65 1039 126 1080 non
151 1021 267 1080 nescius
294 1039 373 1078 snm:
396 1022 447 1077 sed
473 1037 559 1077 nemo
584 1021 846 1078 Annalesuostros
870 1039 940 1079 oum

65 1120 207 1194 scriptura
221 1139 319 1180 eorum
343 1119 536 1179 contenderit·
550 1119 599 1194 qui
614 1125 728 1176 veteres
754 1119 862 1192 Populi
879 1121 937 1178 Ro-

65 1223 147 1278 mani
161 1240 205 1279 res
220 1239 416 1294 composuere.
430 1219 593 1293 *lugentis
616 1219 661 1276 illi
676 1220 763 1276 bella,
784 1238 937 1295 expugna-

65 1319 160 1379 tiones
174 1321 294 1380 urbium,
308 1321 387 1378 lusos
411 1327 569 1397 captosque
598 1319 703 1391 Reges,
718 1324 776 1378 aut.
791 1319 816 1376 si
846 1339 936 1394 qupn·

64 1421 102 1478 do
123 1420 159 1476 ad
186 1421 301 1478 interna
329 1425 557 1493 praevalerent,
584 1419 744 1476 discordiae
773 1420 937 1486 Consulum

64 1519 218 1576 adversum
234 1513 391 1587 Tribunos,
412 1520 538 1594 agrarius
563 1518 819 1593 frumentariasque
844 1522 936 1596 leges,

63 1617 157 1692 plebis
171 1624 200 1675 et
215 1618 398 1692 optimatium
422 1619 598 1684 certamina,
614 1619 705 1676 libero
732 1637 850 1693 egressu
877 1639 937 1679 me·

63 1720 230 1776 morabant..
265 1719 359 1776 Nobis
373 1719 403 1776 in
418 1724 480 1776 arto
500 1723 531 1776 et
552 1718 692 1793 inglorius
706 1719 793 1776 labor.
837 1722 935 1778 lomo-

3 1877 4 1880 ,
63 1825 95 1874 ta
112 1816 227 1893 quippe,
241 1825 290 1876 aut
314 1819 427 1876 modice
447 1817 584 1876 lacessita
608 1835 676 1890 pax,
701 1824 829 1876 maestae
855 1820 934 1878 urbis

6 1909 10 1917 ’
64 1926 163 1986 recol
187 1918 327 1992 Princeps
353 1919 514 1992 proterendi
529 1916 645 1990 imperii
671 1917 832 1975 incuriosus
860 1926 934 1979 erat.

63 2018 134 2076 Non
161 2025 259 2078 tamen
283 2019 347 2078 sice
361 2035 412 2076 usu
440 2018 536 2084 suerit,
549 2017 740 2090 introspicere
763 2017 824 2084 illa,
840 2021 934 2091 primo

63 2120 203 2192 adspectu
223 2121 311 2186 levia,
335 2137 372 2176 ex
387 2118 452 2192 quis
471 2135 639 2192 magnarum
654 2135 741 2189 saepe
757 2135 851 2175 rerum
874 2139 933 2177 mm
966 2099 973 2116 ⁸

9 2219 52 2280 33
64 2227 107 2278 lus
118 2220 255 2278 oriuntur.
298 2221 375 2276 Nam
396 2224 518 2276 cunctas
541 2217 674 2274 nationes
696 2223 726 2274 et
747 2219 831 2274 urbes
846 2237 935 2293 popu·

61 2321 116 2385 lus,
136 2327 186 2378 aut
200 2319 348 2394 primores,
362 2325 410 2376 aut
425 2317 533 2391 singuli
553 2324 677 2390 regunt:
698 2317 812 2374 delecta
835 2335 874 2376 ex
891 2323 936 2378 bil

61 2425 92 2476 el
105 2420 274 2480 consociata
289 2420 424 2492 Reipubl.
453 2417 553 2482 torma,
568 2415 679 2474 laudari
707 2417 831 2484 facilius,
845 2437 934 2493 quum

61 2522 191 2577 evenire,
208 2497 318 2590 vel'‚.si
342 2517 452 2579 evenit,
475 2517 551 2574 haud
572 2517 706 2574 diuturna
732 2535 797 2573 esse
825 2525 932 2592 potesta

61 2617 162 2692 igitur.
174 2624 205 2675 ut
223 2617 302 2683 olim,
325 2619 410 2691 plebe
426 2617 533 2676 valida.
558 2619 617 2676 vel,
644 2633 710 2672 oum
740 2616 842 2674 Patres
872 2623 932 2692 pol-

60 2720 163 2776 lerent,
186 2718 332 2774 noscenda
360 2717 441 2790 vulgi
480 2722 590 2784 natura,
626 2721 665 2786 et,
705 2716 807 2790 quibus
837 2719 931 2776 modis

60 2822 256 2888 temperanter
289 2817 451 2883 haberetur,
479 2817 660 2891 senatusque
688 2821 718 2872 et
744 2817 930 2888 optimatium

60 2915 178 2990 ingenia
192 2915 240 2991 qui
255 2916 384 2974 maxime
398 2916 621 2990 perdidiceranb
643 2915 744 2972 callidi
765 2920 929 2990 temporum

61 3024 91 3074 et
104 3017 251 3090 sapientes
265 3016 474 3074 credebantur:
497 3015 550 3076 sic,
573 3021 816 3086 convenustare,
834 3033 928 3090 neque

59 3117 117 3171 alia
132 3133 162 3170 re
177 3115 320 3178 Romana,
341 3115 475 3194 quumhsi
490 3133 562 3171 unus
591 3115 748 3187 imperitet,
772 3115 845 3172 baec
860 3133 929 3172 cou-

59 3213 133 3285 quiri
158 3213 287 3286 tradique
308 3212 338 3268 in
359 3229 420 3268 rem
447 3211 549 3268 luerit:
570 3215 640 3286 quia
667 3213 754 3284 pauci
774 3214 929 3284 prudentii

54 3311 181 3368 'honesta
196 3313 232 3366 ab
246 3308 444 3366 deterioribus·
462 3308 545 3366 utilia
559 3313 596 3365 ab
617 3311 723 3376 noxiis,
737 3290 929 3382 discernunt;

58 3409 153 3480 plures
167 3409 288 3464 aliorum
303 3405 419 3460 eventis
446 3406 597 3462 docentur.
635 3409 773 3464 Ceterum
789 3415 819 3464 nt
836 3412 929 3481 protu-

58 3509 117 3544 rm
144 3506 184 3562 ita
212 3503 737 3572 minimumoblectationisadierunl.
762 3523 833 3566 num
853 3509 928 3568 situs
