2134 3826
109 243 157 312 ll
434 263 618 315 snuscrrn
833 269 978 320 auem

108 415 171 476 serlc
199 415 346 487 maioma,
366 417 486 478 erenaei
504 419 610 478 uellent.
652 419 713 480 Die
734 421 843 480 luneris
867 423 979 482 milites

109 521 190 578 velut
204 519 349 592 praesidio
361 523 478 585 stetere,
499 523 619 578 muttum
633 520 836 589 inridentibus,
856 523 907 597 qui
920 521 977 596 ipsi

108 617 253 685 viderent,
272 617 377 693 quique
391 635 409 675 e
423 620 590 692 parentibus
605 625 781 693 acceperunt
800 621 880 679 diem
894 621 978 680 illum

103 717 190 778 ,crudi
203 719 297 776 adhuc
311 717 425 775 servitii
438 723 468 775 et
483 717 623 776 libertatis
638 719 805 792 inprospere
826 721 977 794 repetitae,

84 804 90 817 ’
108 833 175 875 cum
183 817 297 874 occisus
310 817 435 875 dictator
449 817 559 874 Caesar
578 818 643 876 aliis
659 819 823 891 pessimum,
837 820 904 876 aliis
919 821 978 893 pul·

108 893 260 975 cerrimdm
274 915 386 1010 lacinps
400 915 563 974 videretur:
585 933 663 975 nunc
683 933 783 976 senem
804 917 977 992 principem,

108 1017 195 1090 louge
209 1015 349 1090 potentie,
370 1015 494 1090 provisis
507 1016 595 1074 etism
610 1015 748 1074 heredum
763 1017 793 1074 in
809 1035 870 1075 rem
885 1017 976 1090 publi·

108 1133 174 1176 cum
198 1115 310 1189 opibus,
342 1115 454 1174 auxilio
486 1115 601 1173 scilicet
629 1116 747 1174 militari
775 1115 922 1184 tuendum,
944 1121 977 1174 ut

77 1219 253 1290 prepultura
266 1215 328 1274 eius
342 1215 439 1291 quieta
452 1215 532 1273 foret
576 1215 687 1274 Multus
702 1215 771 1274 hinc
785 1216 849 1289 ipso
862 1217 901 1273 de
916 1217 977 1274 Au·

107 1322 192 1392 gusto
202 1333 307 1383 sermo,
322 1315 464 1390 plerisque
486 1332 562 1372 vens
574 1313 743 1372 mirantibus
759 1334 766 1371 ε
788 1316 880 1390 ‘quod
896 1315 977 1374 idem

107 1415 190 1473 ‘dies
201 1414 316 1486 accepti
335 1415 479 1488 quondam
506 1413 620 1488 imperii
641 1414 774 1487 princeps
794 1420 824 1472 et
838 1413 918 1470 vitne
931 1431 977 1472 su·

108 1519 257 1588 ‘premusz
272 1513 346 1588 quod
359 1514 455 1571 Nolae
473 1513 504 1572 iu
517 1515 604 1571 domo
613 1519 644 1570 et
656 1513 801 1580 cubiculo,
816 1511 846 1570 io
860 1529 917 1587 quo
930 1529 981 1586 pa·

107 1621 172 1674 ‘ter
197 1616 259 1674 eius
281 1616 430 1686 Octavius,
452 1616 543 1674 vitam
558 1615 710 1674 linivisset.
730 1633 865 1674 numerus
886 1615 979 1673 etiam

107 1717 326 1776 ‘comulatuum
340 1715 548 1783 celebrabatur,
568 1733 625 1790 quo
639 1715 790 1772 Valerium
805 1715 933 1773 Corvum
948 1719 980 1772 et

107 1815 164 1874 ⁸10.
179 1815 304 1873 blariurn
324 1813 408 1872 simul
433 1821 629 1890 aequaverat:
649 1816 819 1873 continuate
842 1833 894 1888 per
914 1831 979 1887 sep·

108 1920 226 1973 ‘temet
237 1913 354 1988 triginta
362 1932 454 1971 annos
465 1913 640 1972 Tribunicio
651 1919 793 1986 potestas:
804 1931 908 1971 nornen
921 1913 979 1971 lm-

108 2022 116 2049 ‘
129 2014 366 2088 peratorissemel
378 2018 464 2087 etque
474 2014 567 2093 vicies
579 2021 704 2087 plurium:
717 2013 979 2088 aliaquelrnnorum

109 2113 323 2186 ‘multiplicata
337 2117 386 2170 aut
407 2109 503 2170 nove?
526 2114 567 2170 nt
580 2113 657 2186 apud
669 2114 825 2186 prudentes
840 2111 902 2170 vita
913 2112 980 2170 eius

108 2215 192 2275 varie
210 2213 414 2279 extollebatur,
438 2214 658 2286 arguebaturve.
700 2211 751 2279 lli,
771 2213 902 2285 ‘pietate
910 2227 983 2286 erga
1060 2245 1061 2253 κ

109 2319 279 2388 ‘parentem
295 2319 324 2370 et
340 2311 555 2370 necessitudine
566 2311 608 2368 rei
623 2310 766 2384 publicae,
775 2311 806 2369 in
816 2327 872 2386 qua
882 2313 980 2369 nullus

109 2418 199 2472 ‘tunc
215 2413 325 2488 legibue
346 2414 435 2478 locus,
449 2413 484 2468 od
506 2427 583 2468 erma
597 2409 700 2468 civilia
720 2417 827 2477 ectum,
841 2427 914 2485 quae
929 2427 981 2468 ne·

110 2519 184 2587 ‘que
211 2511 305 2585 parari
332 2515 459 2584 possent,
480 2527 573 2584 neque
586 2509 687 2566 baberi
701 2527 752 2582 per
775 2511 866 2568 bones
890 2516 979 2567 artes.
1015 2492 1022 2501 ⁵
1057 2535 1058 2540 ¹

90 2685 95 2690 .
109 2613 220 2668 ‘multa
237 2610 376 2675 Antonio,
389 2611 457 2665 dum
471 2607 671 2666 interfectores
680 2609 769 2680 patris
780 2609 983 2678 ulcisceretur,

110 2711 219 2766 ‘multo
243 2707 358 2780 Lepido
383 2707 573 2764 concessisse.
595 2715 745 2781 postquam
772 2707 821 2764 hic
845 2707 981 2766 socordia

111 2809 267 2874 ‘senuerit
281 2807 332 2863 ille
344 2789 394 2879 per
404 2805 537 2863 libidines
549 2823 663 2880 pessum
674 2806 818 2882 datuslsit,
831 2824 889 2866 non
901 2807 980 2865 aliud

112 2907 322 2963 ‘discordantis
337 2903 445 2976 patriae
458 2907 614 2962 remedium
622 2905 719 2972 luisse,
729 2923 815 2980 quam
829 2913 859 2963 ul
873 2907 911 2963 eb
921 2925 982 2965 uno

111 3009 122 3044 ⁸
134 3009 286 3078 regeretur.
326 3006 354 3060 N
357 3022 395 3060 on
409 3005 510 3076 Regno
522 3010 628 3070 tamen,
643 3022 736 3076 neque
752 3006 915 3073 Dictaturn,
929 3007 982 3064 sed

112 3103 278 3174 tPriocipis
298 3103 416 3158 nomine
443 3103 630 3160 constitutam
646 3119 705 3158 reru
721 3103 886 3174 publicem:
909 3105 983 3164 muri

133 3201 254 3262 Oceano
274 3207 323 3258 sut
349 3200 481 3258 amnibus
501 3201 663 3285 longinquis
677 3208 790 3274 septum
810 3202 982 3275 imperium:

157 3395 233 3443 &mul
246 3395 385 3456 sequestrat]
429 3395 487 3442 llam
507 3395 612 3442 Valerius
637 3399 731 3450 sextum,
757 3395 846 3442 Marius
864 3399 985 3460 septimun

114 3447 205 3504 conon
238 3453 720 3514 sruermrnaeaaqnenususmnso
728 3455 984 3516 perincomm-

114 3529 154 3562 ω.
171 3519 196 3559 ul
210 3513 243 3560 ait
253 3513 336 3559 Statius
347 3514 394 3558 silv
418 3517 439 3566 4,
453 3516 472 3564 l,
481 3517 516 3559 al.
547 3511 609 3568 [ὀμ.

159 3591 327 3638 Necessitudr'ne
337 3591 381 3638 Rer'
393 3591 467 3652 publ]
500 3591 525 3637 ld
544 3597 585 3646 est,
602 3590 732 3636 necessitate
743 3609 748 3635 ι
759 3591 818 3652 quia,
843 3597 869 3638 ot
884 3609 937 3642 inor
952 3595 984 3643 lo-

114 3650 200 3722 quitur,
207 3655 303 3717 mpero
311 3649 415 3710 reipubl.
425 3650 448 3698 iu
458 3648 586 3710 poscebant,
595 3653 619 3697 el
629 3661 731 3711 asperum
738 3649 781 3698 boe
788 3651 889 3702 medii.
921 3653 982 3714 Δίῃ.
