2166 3834
118 211 241 260 aceo.
354 200 424 257 nto.
451 209 500 258 111.
553 211 630 259 oar.
656 192 775 258 2.-5.
917 191 987 258 129

119 363 306 430 erediderim,
329 364 454 421 Tiberio
472 370 503 421 et
524 367 664 438 Augusta,
686 365 734 439 qui
751 365 842 422 ¹slonro
861 383 921 422 non
940 383 989 423 ex·

120 466 277 524 cedebant,
287 463 458 528 cohibitam,
467 471 499 519 ut
512 479 563 535 par
575 481 697 530 moeror,
705 471 736 521 et
747 465 845 522 matris
856 467 990 536 exemplo

120 563 189 618 avia
213 579 329 635 quoque
354 569 384 616 et
406 569 521 634 patruus
545 563 662 619 attineri
689 561 863 618 viderentur.
908 561 1023 629 Diana

118 677 173 733 quo
186 659 330 734 reliquiae
343 662 454 716 tumulo
471 661 593 734 Augusti
615 661 819 730 inferebantur,
842 661 928 717 modo
942 677 992 734 per
1032 639 1057 744 l1

121 757 271 815 silentium
299 766 408 824 vastus,
437 761 523 815 modo
550 761 707 832 ploratibus
736 759 870 832 inquies:
905 761 992 831 plena
1028 756 1034 815 l

122 857 198 913 urbis
213 857 329 923 itinera,
351 859 540 914 oonlueentes
562 875 613 929 per
632 873 766 930 eampum
786 857 889 914 Martis
904 857 991 914 laces.

119 955 180 1012 illio
202 955 286 1014 miles
310 972 377 1011 oum
405 957 501 1021 armis,
522 955 585 1013 sine
615 955 777 1028 insignibus
799 957 992 1028 magistratus,

123 1055 245 1126 populus
267 1073 318 1126 per
338 1056 438 1120 tribus,
465 1053 651 1110 ‘coneidisse
673 1053 827 1126 Rempubl.
842 1053 915 1110 nibil
930 1053 993 1126 spei

124 1151 302 1225 ‘reliquum’
312 1153 520 1220 clamitabant3
535 1151 691 1224 promptius
706 1152 897 1225 apertiusque,
907 1167 993 1226 quam

123 1258 153 1308 ul
172 1253 343 1308 meminisse
364 1251 592 1324 imperitantium
611 1252 754 1308 crederes.
796 1251 878 1307 Nihil
895 1255 992 1307 lamen

123 1351 278 1408 Tiberium
304 1352 396 1422 magis
421 1351 595 1422 penetravit,
618 1367 702 1424 quam
725 1349 820 1426 studia
843 1350 992 1410 hominum

122 1463 247 1506 accensa
262 1450 294 1506 in
312 1449 524 1522 Agrippinam
551 1465 618 1505 oum
645 1451 751 1506 ‘decus
767 1449 884 1522 patriae,
898 1451 993 1506 solum

120 1547 257 1622 ‘Augusti
281 1548 464 1621 sanguinem,
491 1548 610 1604 unicum
630 1549 811 1621 antiquitatis
834 1545 993 1620 specimen’

123 1637 317 1720 adprobarem,
334 1648 467 1720 versique
488 1647 523 1702 ad
539 1649 652 1703 coelum
673 1663 708 1703 ac
724 1648 804 1702 Deos
831 1647 993 1719 ‘integram

122 1747 185 1803 ‘illi
199 1749 343 1811 subolem,
358 1763 393 1802 ae
407 1745 591 1817 superstitem
605 1743 784 1818 iniquorum,’
798 1750 991 1818 precarentur.

124 1845 308 1919 Fuere,‘qui
339 1843 471 1918 ‘publici
499 1843 607 1900 funeris
635 1841 777 1917 pompam'
805 1840 1025 1917 requirerent‚5

123 1947 392 2017 nompararentque‚
412 1949 503 2016 ‘quae
526 1942 557 1999 in
581 1943 716 2010 Drusum,
741 1948 851 2014 patrem
873 1941 993 1998 Germa·

123 2041 213 2108 ‘nisi
236 2043 346 2098 honora
366 2047 395 2098 et
415 2041 568 2115 magnilica
591 2041 738 2115 Augustus
758 2040 885 2098 lecisset.
900 2039 995 2110 ipsum

124 2141 248 2215 ‘quippe
263 2140 422 2212 asperrimo
435 2140 539 2197 hiemis
554 2139 695 2197 'licinum
708 2155 797 2212 usque
807 2151 995 2210 progressum,

123 2245 237 2313 ‘nsque
261 2241 468 2296 abscedentem
493 2255 510 2296 a
534 2255 654 2310 comme
677 2237 762 2293 simul
786 2237 886 2293 urbem
910 2234 997 2294 iutra·

123 2339 240 2394 trisse:
272 2333 459 2392 circumfusas
482 2337 560 2392 lecto
581 2335 767 2393 Claudiorum
788 2333 996 2409 Liviorumque

124 2435 307 2509 ‘imaginem
335 2434 471 2491 defletum
493 2434 524 2490 in
549 2433 618 2500 loro,
641 2435 788 2490 laudatum
809 2451 861 2506 pro
882 2435 994 2492 rostris:

124 2541 251 2592 ‘cuncta
267 2550 284 2588 a
299 2533 453 2590 maioribus
469 2539 590 2605 reperta,
605 2538 652 2590 aut
668 2551 741 2608 quae
756 2534 862 2607 posteri
876 2533 995 2593 invene·

126 2635 214 2700 ‘rint‚
232 2627 389 2690 ‘cumulata
433 2635 474 2690 At
497 2632 675 2689 Germanico
697 2651 733 2688 ne
755 2633 854 2690 solitos
871 2633 995 2707 quidem,

125 2739 174 2790 ‘et
202 2732 377 2806 cuicumque
404 2731 495 2788 nobili
523 2731 636 2787 debitos
670 2732 801 2800 honores,
829 2733 995 2808 contigisse.

125 2833 228 2890 ‘Saue
250 2847 362 2902 eorpus,
382 2831 420 2886 ob
439 2829 679 2904 longinquitatem
700 2830 846 2898 itinerum,
866 2833 995 2888 externis

127 2929 228 2986 ‘terris
256 2925 370 3002 quoquo
396 2930 482 2985 modo
508 2933 666 2984 crematum
681 2949 701 2984 ιι
721 2932 772 2986 sed
807 2927 901 2988 tanto'
916 2933 997 3004 plura

126 3031 252 3086 ‘deeora
281 3043 349 3083 mos
377 3027 464 3083 tribui
491 3045 542 3098 par
568 3025 666 3094 luisse,
693 3034 801 3102 quanto
825 3029 916 3100 prima
939 3031 995 3086 lors

127 3125 325 3199 ‘negavisseb
351 3141 409 3182 non
437 3126 547 3192 iratres,
575 3124 631 3181 nisi
657 3125 738 3183 unius
766 3126 826 3183 diei
854 3128 913 3192 via,
937 3145 996 3183 uon

129 3231 294 3300 ‘patruum
308 3227 411 3281 saltem
431 3231 513 3298 porta
534 3229 627 3292 tenus,
646 3227 775 3282 obvium.
789 3225 839 3281 ubi
852 3225 904 3279 illa
917 3231 997 3280 vete-

129 3330 214 3381 ‘rum
237 3319 390 3379 instituta?
417 3323 594 3395 propositam
619 3328 680 3377 toro
702 3321 835 3392 effigiem,
852 3315 999 3382 ,meditata

130 3423 189 3481 ‘ad
214 3419 384 3484 memoriam
411 3419 526 3478 virtutis
553 3417 693 3482 earmina,
717 3421 747 3470 et
770 3405 951 3466 laudationes
971 3412 1001 3463 et
