2166 3834
101 215 172 286 168
426 235 610 286 ausanrrrr
673 241 678 250 ·
734 255 741 262 ·
823 239 853 287 a.
868 238 901 288 v.
915 241 975 290 rra

59 430 66 483 ξ
99 409 184 469 quem
205 391 450 466 pronominum,
473 394 657 468 oppmhrium
678 393 818 452 maiorum
842 395 975 454 Mamer·

57 494 62 514 '
99 507 161 560 cus,
176 492 276 550 iniami
289 510 377 574 opera
396 494 616 551 dehonestabat.
658 495 743 566 lunip
757 495 877 560 Othoni,
894 489 977 554 litte'·

98 609 193 652 rarum
214 595 310 651 ludum
335 610 483 656 exercere,
508 599 596 650 vetus·
613 611 660 650 ars
681 594 751 652 tuit:
775 613 841 652 rnos
867 595 974 652 Seiani

62 699 65 706 “
98 693 230 770 potentin
246 695 378 759 Senator,
400 694 531 762 ohscura-
545 692 630 749 initia
652 693 867 765 impudentibus
891 694 993 752 ausis·

72 813 74 818 ·
98 793 288 868 propellebat.
331 791 492 848 Brutidinm
517 792 625 850 artibus
653 793 783 850 honestis
809 793 974 866 copiosum,

99 901 140 960 et,
166 895 191 951 si
216 899 326 951 rectum
349 893 405 951 iter
428 898 569 967 pergeret,
594 895 631 950 ad
654 893 814 950 clarissima
839 912 972 968 quaeque

99 993 214 1057 ilunrm,
226 993 375 1051 festinatio
398 993 614 1060 exstimulabat,
641 994 708 1048 dum
737 993 875 1065 aequalis,
898 993 974 1052 dein

100 1095 271 1167 superiores,
286 1099 430 1165 postremo
442 1097 569 1162 suasmet
582 1092 645 1164 ipse
664 1109 730 1161 spes
745 1092 855 1148 anteire
871 1097 973 1165 parat:
1075 1129 1076 1142 ,

101 1193 176 1267 quod
201 1195 315 1258 multos,
339 1194 428 1248 etiam
443 1193 542 1256 bonos,
567 1191 787 1264 pessumdedit,
811 1193 869 1265 qui,
892 1209 974 1264 spre-

101 1291 149 1356 tis,
162 1309 236 1365 qnae
250 1293 331 1347 tarda
354 1307 421 1348 cum
434 1289 599 1357 securitate,
622 1298 810 1364 praematura,
831 1293 878 1347 vel
900 1307 974 1348 cum

48 1391 203 1456 fliexitio,
232 1395 394 1462 properant.
448 1393 566 1448 Auxere
593 1407 744 1446 numerum
768 1396 973 1479 accusatogum

102 1490 216 1548 Gellius
228 1489 380 1560 Poplicola
391 1495 422 1546 et
434 1489 476 1547 Μ.
492 1489 637 1546 Paconius
650 1509 656 1544 ι
677 1489 728 1546 ille
738 1490 880 1561 Quaestor
894 1489 973 1546 Sila·

101 1587 201 1655 ni‚hic
221 1589 358 1661 Legatus.
402 1589 468 1645 Nec
491 1588 609 1646 dubium
634 1591 802 1655 habebatur,
827 1587 974 1645 saevitiae
1075 1661 1076 1670 ἵ

100 1693 305 1761 captarumque
321 1687 507 1758 pecuniarum
520 1689 611 1744 teneri
634 1705 732 1744 reum:
753 1689 804 1743 sed
819 1689 907 1744 multa
923 1689 976 1744 ad·
1075 1671 1076 1678 ἵ

100 1791 275 1863 gerebantur
288 1787 378 1844 etiam
398 1787 561 1844 insontibus
587 1789 768 1860 periculosa3
789 1804 865 1854 oum,
885 1805 976 1860 super

102 1893 144 1946 lot
162 1875 493 1955 Senatoreshadversos,
517 1887 732 1964 facundissimis
757 1887 844 1943 totius
870 1887 976 1956 Asiae,

102 2005 196 2061 enque
210 1988 247 2044 ad
261 1987 456 2043 accusandum
478 1985 610 2053 delectis,
632 1988 819 2059 responderet
840 1988 928 2053 solus,
942 1993 977 2045 et

102 2087 205 2144 orandi
219 2087 342 2152 nescius,
361 2085 476 2159 proprio
498 2086 529 2144 in
549 2091 640 2153 metu,
654 2086 701 2160 qui
722 2084 884 2144 exercitam
903 2105 978 2160 quo·

98 2205 159 2263 oue
179 2185 374 2258 eloquentiam
395 2184 547 2242 debilitat:
567 2202 626 2242 uon
643 2191 823 2258 temperante
838 2186 978 2254 Tiberio,

63 2357 65 2363 Ι
94 2271 172 2362 'quio
199 2292 339 2359 premeret
356 2303 439 2354 voce,
453 2288 544 2346 vulin,
559 2303 595 2342 eo
615 2287 690 2358 quod
705 2285 774 2357 ipse
798 2285 977 2343 creberrime

104 2387 314 2460 interrogabat:
348 2403 440 2459 neque
459 2385 599 2452 resedere,
623 2392 673 2441 aut
693 2386 810 2442 eludere
832 2385 981 2442 dabatur:

104 2501 141 2542 ac
155 2503 244 2560 saepe
258 2485 349 2542 etiam
373 2483 570 2541 confitendum
594 2489 663 2554 erat,
687 2503 724 2541 ne
745 2485 847 2542 frustra
861 2483 977 2557 quoesi-

105 2585 205 2643 visset.
249 2587 356 2642 Servos
378 2601 491 2658 quoque
514 2583 617 2650 Silani,
633 2591 662 2640 ut
677 2585 829 2641 tormentis
853 2585 978 2641 interro·
1037 2607 1042 2618 ¹

105 2689 250 2757 gerentur,
273 2687 354 2739 actor
368 2684 499 2754 publicus
515 2683 662 2756 mancipio
685 2690 848 2766 acceperat.
870 2690 923 2750 et,
937 2703 978 2741 ne
1032 2727 1039 2736 .

105 2781 168 2856 quis
196 2770 563 2840 necessariorum'invaret
591 2782 814 2855 periclitantem,
840 2783 979 2841 maiestn·
1075 2777 1076 2786 ¹

105 2883 143 2938 tis
157 2881 279 2936 crimina
290 2883 493 2948 subdebantur,
507 2883 636 2938 vinclum
645 2888 674 2938 et
685 2883 843 2937 necessitas
853 2883 977 2940 silendi.

105 2981 206 3054 Igitur,
221 2980 322 3050 petilo,
343 2998 499 3052 paucorum
512 2982 623 3038 dierum
645 2981 810 3042 interiectu,
831 2982 979 3040 defensio·

105 3097 172 3136 nem
185 3079 231 3134 stri
245 3079 380 3141 desernit,
402 3080 479 3137 ausis
500 3082 536 3136 ad
563 3081 722 3138 Caesarem
743 3081 898 3146 codicillis,
914 3084 979 3158 qui-

51 3171 92 3228 68
106 3178 155 3231 bue
171 3175 312 3231 invidiam
327 3181 356 3231 et
371 3194 472 3245 preces
487 3178 649 3234 miscuerat.
693 3181 841 3244 Tiberius,
852 3199 928 3253 quae
943 3183 978 3241 iu

106 3273 237 3330 Silanum
279 3273 407 3344 parabat,
444 3293 500 3346 quo
537 3277 703 3333 excusatius
744 3281 812 3334 sub'
836 3284 979 3353 exemplo

103 3371 313 3439 acciperentur,
359 3370 472 3426 libellos
522 3373 559 3428 D.
604 3375 728 3448 Augusti
774 3378 811 3432 de
859 3379 979 3440 Voleso

103 3464 252 3535 Messalla,
275 3467 404 3524 eiusdem
429 3467 520 3526 Asiae
545 3471 733 3542 Proconsnle,
752 3456 922 3553 factumque
944 3478 982 3538 in
1075 3467 1076 3506 ³
