2186 3850
100 195 172 270 ³26
419 219 602 271 sursum
813 225 841 275 s
858 224 956 278 uus:

98 379 152 434 ‘et
170 371 343 448 supplicium
363 373 421 434 ursi
438 375 551 436 oblivio
569 379 753 451 sequeretur:
774 381 815 448 at.
833 379 859 437 si
876 381 957 440 inco·

98 477 227 534 ‘lumem
246 475 418 544 servaveris,
437 481 585 535 setsruurn
605 478 755 550 exemplar
783 480 957 542 olemeut'ue

98 571 190 632 ‘ero’
212 573 260 632 Ad
273 589 309 628 es
333 573 442 632 Csessr
466 575 583 634 veniam
601 575 711 649 ipsique
736 580 768 634 et
787 577 908 652 coniugi
930 584 961 638 et

98 675 230 734 iratribus
245 669 352 732 tribuit.
395 676 493 750 Atque
506 675 560 742 itti,
574 673 681 733 vinclis
694 675 833 744 exsoluti.
857 678 962 752 Agrip·
1065 721 1066 756 3

97 775 196 850 pium
209 793 328 852 quoque,
337 775 412 832 baud
427 776 524 846 procul
539 773 598 832 slio
607 791 744 848 suggessit
757 775 962 848 conspicuum,
1065 809 1066 854 3

97 874 210 942 iisdem,
249 875 350 949 quibus
392 873 567 944 Principem,
605 871 737 946 leudibus
770 874 960 951 gratibusque

96 974 230 1032 venerati
242 981 317 1032 sunt.
337 989 444 1031 novum
465 989 535 1029 sene
561 977 592 1029 et
620 971 743 1030 moribus
757 979 890 1032 veterum
915 977 959 1034 in·

95 1075 221 1141 solitum,
248 1073 385 1132 feminam
411 1070 503 1144 siguis
525 1071 662 1129 Romanis
687 1071 873 1143 praesidere:
893 1073 960 1148 ipss

95 1179 188 1232 umet
202 1171 275 1246 parti
289 1169 474 1228 siccioribus
487 1168 547 1226 suis
567 1169 685 1242 imperii
703 1171 813 1226 socium
835 1171 956 1232 ferebat.

43 1235 84 1295 3⁸
97 1271 206 1332 Vocati
233 1271 352 1346 posthac
379 1268 489 1336 Patres,
514 1269 606 1324 mults
634 1273 665 1326 et
691 1269 848 1344 magnifica
871 1288 956 1345 super

95 1371 267 1448 captivitate
293 1367 448 1428 cunensi
468 1367 645 1424 disseruere:
676 1372 789 1441 ‘neque
804 1369 900 1428 minus
923 1370 955 1430 id
1031 1443 1034 1450 ¹

95 1473 234 1536 ‘clnrurn
258 1484 344 1542 qusru
367 1483 435 1531 cunr
463 1465 620 1540 siphacem
652 1464 686 1522 P.
708 1466 820 1539 Scipio,
848 1468 959 1530 Persen

93 1575 101 1604 ‘
115 1569 149 1628 L
162 1567 287 1634 Paullus,
298 1571 328 1624 et
342 1565 428 1639 siqui
441 1565 494 1622 elii
507 1565 621 1624 vinctos
635 1565 731 1639 Reges
740 1565 854 1639 Populo
868 1567 952 1626 Rom.

92 1662 285 1724 ‘ostendere’
325 1664 492 1724 (terirentur
516 1661 630 1720 Ortona
649 1661 783 1738 triumphi
802 1663 953 1742 insigem

91 1764 232 1842 prosperis
245 1764 282 1822 sd
296 1763 325 1820 id
339 1765 422 1822 rebus
435 1763 508 1832 eius,
520 1779 588 1820 mox
601 1761 757 1836 ambiguis:
779 1764 855 1832 sive,
866 1766 951 1839 quod,

91 1871 187 1926 amoto
200 1865 370 1930 Cmcteco,
393 1863 473 1936 quasi
495 1863 670 1920 debellatum
692 1861 774 1926 toret,
789 1863 884 1946 minus
907 1863 951 1922 iu·

90 1971 172 2024 tenta
185 1965 260 2039 opud
279 1981 331 2020 uos
350 1961 453 2018 militie
478 1959 738 2026 intitulationes,
762 1961 951 2020 miseratione

91 2065 166 2126 lauti
177 2062 275 2138 Regis,
298 2060 391 2118 scrius
404 2060 441 2116 ad
463 2058 602 2116 ultionem
629 2075 773 2116 exarsere.
815 2060 952 2119 Praefec-

90 2169 151 2226 tum
176 2172 333 2224 castrorum
346 2164 375 2218 et
399 2146 573 2240 legionariis
599 2157 742 2224 cobortes,
763 2160 950 2218 exstruendis

88 2265 165 2339 apud
177 2262 285 2322 Siluras
299 2257 448 2334 praesidiis
463 2257 588 2324 relictas,
601 2256 842 2316 circumtuuduut.
888 2261 947 2329 Ac,

87 2363 119 2422 ni
132 2361 193 2422 cito
206 2379 224 2418 e
244 2358 319 2418 vicis
331 2364 362 2416 et
371 2354 498 2416 castellis
511 2353 652 2428 proximis
669 2358 844 2414 subventum
864 2357 950 2425 toret.

86 2463 189 2538 cupies
203 2467 264 2519 tum
282 2457 434 2516 occidione
459 2453 672 2512 occubuissent.
713 2455 883 2514 Praefectus
906 2463 949 2516 ta·

85 2581 152 2622 meo
174 2563 285 2618 etocto
308 2553 509 2622 Centuriones,
522 2569 558 2610 ac
572 2552 799 2636 promptissimus
819 2554 942 2630 quisque

84 2659 270 2735 manipularis
296 2654 438 2714 cecidere.
472 2669 527 2710 nec
557 2655 647 2708 multo
681 2657 744 2724 post
778 2654 946 2726 psbulautis

83 2765 194 2820 nostros
224 2757 382 2828 missusque
404 2753 441 2810 sd
461 2747 619 2808 subsidium
642 2756 748 2807 turmas
781 2751 947 2825 profligant.

30 2853 72 2912 39
84 2861 163 2920 Tum
177 2853 307 2914 Ostorius
320 2853 453 2909 cohortes
473 2847 624 2922 expeditas
636 2848 785 2921 opposuit:
807 2867 864 2908 nec
878 2850 946 2908 ideo

81 2961 176 3036 lugam
202 2953 331 3010 sistebat,
358 2949 389 3006 ui
425 2948 553 3021 legiones
580 2945 719 3019 proelium
745 2948 944 3020 excepissent.

80 3077 178 3120 eurum
193 3058 292 3115 robore
306 3055 428 3125 aequata
441 3068 546 3123 pugna,
559 3049 629 3106 dein
650 3049 732 3106 uobis
746 3066 797 3122 pro
820 3051 943 3110 meliore

78 3160 141 3216 tuit.
181 3154 314 3226 Effugere
332 3151 438 3210 hostes,
463 3147 544 3202 tenui
557 3148 672 3214 damno,
697 3148 764 3222 quia
777 3147 943 3228 inclinabat

77 3256 148 3312 dies.
189 3251 297 3309 Crebra
324 3245 393 3302 binc
419 3242 538 3314 proelis,
566 3250 596 3300 et
622 3244 736 3318 ssepius
764 3245 795 3302 in
823 3249 943 3306 modum

76 3347 232 3412 latrocinii,
246 3362 297 3418 per
309 3343 408 3404 sullus,
421 3355 472 3410 per
486 3340 616 3409 paludes,
637 3347 668 3398 ut
690 3343 795 3416 cuique
808 3361 880 3412 sors,
893 3351 946 3405 sui

74 3445 184 3514 virtus:
204 3451 322 3508 temere,
340 3435 475 3512 proviso:
496 3437 534 3492 ob
547 3437 631 3506 iram,
643 3437 682 3496 ob
706 3443 865 3515 proellum:
886 3444 943 3504 ius·
