2186 3850
114 275 241 326 nono.
344 275 429 332 ‚nrm
456 275 518 324 xrr.
570 277 649 324 ose.
675 258 796 326 2.-5.
917 257 990 326 307

116 431 237 490 nomine
253 429 395 490 Censoris
408 432 530 490 serviles
543 432 673 490 tattaoias
686 435 838 508 obtegens,
857 433 991 509 ingruen-

116 528 249 604 tiumque
270 530 502 588 dominationum
517 534 657 604 provisor,
672 551 730 606 quo
749 533 872 608 gratiam
888 532 992 606 Agrip-

116 626 204 700 pinae
238 636 366 702 pareret,
393 631 525 700 consitiis
551 631 613 688 eius
643 631 789 704 inplicari,
815 649 911 690 serere
938 631 993 690 ori·

118 729 198 785 mina
221 728 254 786 in
281 729 423 796 Silanum,
445 730 494 788 oui
512 747 584 788 sane
603 733 709 789 deeora
722 737 753 790 et
775 747 885 806 prooax
905 747 993 804 soror,

117 823 203 884 Innio
218 827 361 894 catriae,
375 829 451 886 haud
467 833 586 887 muttum
606 837 675 888 aute
688 823 807 888 Viiettii
827 847 913 888 nurus
934 829 994 888 ius·

119 932 172 982 rat.
194 926 269 984 hino
291 927 408 986 initium
435 929 652 986 aoousationis:
673 929 846 1004 fratrumque
869 947 928 987 non
950 929 995 986 in·

116 1029 242 1093 nestum,
264 1027 316 1084 sed
336 1026 544 1085 ineustoditum
557 1043 684 1086 amorem
698 1030 734 1086 ad
754 1028 903 1086 infamium
919 1033 995 1085 trax·

118 1120 151 1178 it.
181 1131 213 1182 et
240 1127 400 1199 praebebat
432 1126 543 1184 Caesar
569 1143 662 1193 aures,
692 1127 872 1200 aooipiendis
893 1111 995 1184 adver·

119 1235 183 1279 suna
197 1241 340 1298 generum
362 1225 576 1297 suspicionibus
595 1225 719 1284 onritute
737 1226 815 1284 titios
830 1224 994 1299 promptior.

122 1321 165 1376 At
188 1323 321 1389 Siiauue,
344 1323 514 1380 insidiarum
542 1323 667 1390 nesoius,
692 1341 728 1382 no
752 1325 825 1383 t'orte
859 1341 896 1382 eo
917 1339 996 1382 anuo

119 1413 253 1486 Praetor,
278 1427 398 1494 reponio
412 1439 464 1494 per
486 1421 615 1478 edietum
637 1422 756 1480 Vitellii
778 1423 881 1480 ordine
905 1424 996 1480 Senn-

117 1516 191 1574 torio
206 1525 352 1586 movetur,
372 1535 546 1594 quamquam
558 1523 636 1578 teoto
661 1521 772 1594 pridem
797 1524 917 1591 Senatu,
941 1523 996 1578 tus·
1018 1527 1021 1534 “

25 1685 30 1696 A
117 1616 218 1692 troque
241 1619 371 1676 eondito.
392 1619 477 1676 simui
498 1619 678 1678 adfinitatem
693 1622 832 1680 Claudius
860 1620 991 1696 diremit;

24 1761 30 1782 „r
121 1717 300 1793 adactusque
331 1719 462 1784 Silanus,
496 1717 608 1775 eiurare
635 1721 844 1793 magistratum,
877 1729 908 1778 et
933 1721 997 1778 reii-

120 1831 191 1888 quus
206 1816 442 1876 Praeturaedies
466 1816 497 1872 in
519 1816 639 1890 Eprium
663 1818 837 1876 Muroeiium
862 1819 996 1876 conlatus

125 1920 177 1971 ert.
229 1916 266 1973 Ο.
295 1915 445 1988 Pompeio,
474 1917 511 1988 Q.
533 1916 687 1974 Vemunio
709 1935 790 1976 eoos.
811 1923 928 1989 paetum
953 1917 1030 1979 ino

124 2015 169 2070 ter
191 2015 349 2074 Claudiurn
370 2018 401 2072 et
426 2014 619 2088 Agrippinam
641 2015 857 2074 matrimonium
875 2014 933 2070 ianr
956 2015 996 2072 in·

30 2091 32 2098 ,
128 2125 185 2180 ma,
205 2114 266 2172 inm
288 2129 385 2172 amore
407 2113 523 2170 iniioito
547 2115 727 2174 firmabatur:
748 2129 804 2172 neo
828 2114 896 2170 dum
920 2115 996 2170 oete·

25 2181 42 2302 ”ff
125 2207 208 2270 boare
234 2212 367 2270 solennia
388 2214 552 2284 nuptiarum
576 2215 738 2281 audebunt,v
756 2213 836 2270 nuiio
860 2214 997 2288 exempto

125 2306 270 2370 deductae
294 2312 325 2370 iu
352 2313 470 2369 domum
492 2314 585 2386 patrui
613 2313 708 2370 fratris
734 2311 822 2370 tiliae.
865 2311 997 2384 Quin-et

125 2406 281 2476 incestum,
299 2427 335 2468 ao
349 2410 375 2467 si
395 2417 586 2484 sperneretur,
611 2429 648 2470 ne
662 2411 692 2468 in
718 2412 825 2468 matum
848 2411 997 2486 pubiicum

126 2515 298 2582 erumperet,
325 2511 515 2567 metuebatur.
560 2511 627 2568 Neo
655 2515 724 2568 ante
748 2511 855 2567 omissa
878 2515 998 2568 ounota·

22 2589 47 2678 ἦ,
126 2604 177 2673 tio,
211 2625 297 2682 quam
325 2608 465 2666 Vitellius
493 2609 552 2666 suis
580 2609 688 2666 artibus
715 2608 745 2665 iu
773 2609 995 2682 perpetrandum

35 2768 47 2792 Ι
126 2707 256 2780 sumpsit.
299 2707 564 2782 Berounotatusque
580 2705 818 2775 Caesnmnu‘an
844 2707 927 2764 iussis
942 2708 996 2766 Po-

33 2789 37 2878 J
124 2805 204 2876 ‘puti
218 2821 256 2862 nn
270 2806 437 2864 auotoritati
453 2807 579 2864 Senatus
593 2807 711 2865 eederet
720 2803 740 2864 i’
754 2807 803 2864 ubi
815 2807 877 2876 iiie,
890 2815 996 2866 ‘unum

32 2883 52 2990 ’ζ
127 2883 177 2960 ‘se
196 2903 311 2962 nivium
322 2909 352 2962 et
373 2905 529 2964 consensui
542 2903 693 2978 inpurem‚’
714 2907 871 2979 respondit,
892 2913 996 2981 ‘oppe-
1070 2973 1071 2976 Ἴ

126 3001 195 3058 ‘riri
221 3003 299 3060 intra
324 3002 472 3076 palatium’
494 3005 584 3062 iubet.
610 3004 672 3077 ipse
694 3004 803 3062 ouriam
827 3007 996 3082 ingreditur,
1070 3047 1071 3088 i

25 3107 32 3132 ²
126 3113 324 3176 summamque
351 3102 456 3173 Remp.
476 3103 524 3178 agi
548 3105 707 3171 obtestans,
732 3101 850 3162 veniam
877 3101 996 3160 dioendi
1070 3127 1071 3186 p

27 3252 40 3274 Ι,
128 3207 196 3256 unte
220 3201 293 3258 aiios
316 3202 459 3275 exposuit,
481 3201 663 3276 orditurque:
685 3203 899 3260 ‘Gravissimos
915 3201 996 3258 Prin·

53 3348 55 3354 .
128 3297 220 3370 ‘oipis
250 3301 371 3364 iabores,
399 3300 462 3374 quis
489 3301 588 3358 orbem
618 3307 711 3358 terme
739 3304 882 3374 capesset,
909 3315 996 3370 egere

127 3397 338 3463 ‘adminiouim
353 3403 385 3454 nt
398 3399 559 3456 domestica
574 3415 642 3455 oum
658 3415 777 3460 vacuus,
797 3397 995 3452 incommune

22 3505 58 3592 adp
128 3497 287 3554 ‘consulat
317 3497 393 3572 quod
422 3513 506 3571 porro
531 3494 680 3554 honestius
706 3490 865 3550 Censoriae
889 3490 997 3547 mentis
1060 3513 1063 3522 v
