2134 3826
76 211 125 276 40
313 222 318 232 ·
386 227 571 276 anuanrvu
803 225 885 276 nv.
902 229 955 276 rav.

75 388 152 450 atus,
167 385 249 458 pater
270 381 377 449 Druse,
399 381 506 456 imago,
531 381 573 440 tul
598 380 739 456 memmio
761 379 868 438 iisdem
893 378 958 436 istis

75 487 160 539 ‘cum
175 481 326 550 militibus,
339 499 410 557 quos
434 482 494 538 iam
517 482 608 554 pudor
622 488 652 538 et
675 480 768 556 gloria
782 479 882 548 intrat,
898 481 958 536 ela·
1059 543 1060 548 η

76 588 144 638 ⁴ant
159 583 236 640 banc
258 584 412 649 maculam,
426 580 540 656 irasque
553 580 660 637 civiles
674 580 706 637 in
720 578 844 636 exitium
860 576 968 635 hosti·

75 681 145 736 ‘bus
158 685 283 738 vertant.
318 681 382 736 Vos
394 698 516 754 quoque,
527 697 646 754 quorum
658 679 716 739 alia
726 695 803 735 nunc
817 695 877 743 ora,
893 675 954 732 alia

77 782 212 852 ‘pectora
223 785 372 846 contueor,
386 779 412 835 si
426 781 538 852 legatos
554 778 686 844 Senatui,
704 776 875 851 obsequium
894 777 966 832 lmv

74 879 227 952 ‘peratori
236 879 262 934 si
273 878 344 935 milri
359 877 513 952 coniugem
524 882 553 932 et
566 877 656 934 filium
668 875 796 942 redditis,
806 873 956 934 discedite

77 985 112 1035 ‘a
126 984 274 1044 contactu,
295 995 330 1033 ac
345 975 469 1033 dividite
482 975 609 1032 turbidos
621 995 629 1031 ι
643 975 672 1032 id
687 975 792 1032 stabile
804 975 840 1030 ad
852 972 953 1047 poeni·

22 1081 64 1138 44
79 1084 86 1110 ‘
99 1077 231 1143 tentiam,
246 1077 275 1133 id
290 1076 358 1133 fidei
373 1075 523 1132 viaculum
537 1073 611 1131 erit?
647 1073 802 1148 Supplices
815 1073 852 1130 ad
868 1074 958 1140 baec,

75 1183 122 1233 ‘et
138 1195 207 1234 vera
220 1175 387 1249 exprobrari
398 1175 533 1238 latentes,
544 1176 675 1241 orabant,
689 1183 697 1206 ⁸
710 1173 823 1246 puniret
837 1172 954 1240 noxios,

82 1277 265 1349 ‘ignosceret
278 1275 376 1348 lapsis,
390 1280 419 1330 et
433 1275 553 1330 duceret
567 1273 598 1330 in
613 1274 747 1330 bostem:
767 1277 957 1330 revocaretur

75 1375 213 1442 ‘conium
226 1374 333 1431 rediret
358 1373 506 1448 legionum
529 1375 671 1439 alumnus,
685 1391 762 1430 neve
777 1373 864 1430 obses
879 1371 955 1430 Gal·

76 1475 129 1533 ‘lis
145 1471 323 1530 traderetur!
364 1472 502 1530 Reditum
519 1471 701 1546 Agrippinae
725 1471 892 1537 excusavit,
916 1472 956 1528 ob

77 1572 281 1630 imminentem
306 1577 419 1646 partum
446 1577 476 1628 et
501 1571 646 1629 hiemem:
671 1575 815 1626 vacunam
834 1566 957 1648 filium:

75 1679 165 1729 cetero
184 1670 240 1749 ipsi
253 1675 469 1748 exsequeremur.
511 1670 686 1728 Discurrunt
699 1669 813 1736 mutati,
833 1673 865 1726 et
879 1665 974 1728 sedi‘

75 1771 263 1831 liosissimum
277 1789 418 1846 quemque
438 1769 556 1828 vinctos
581 1770 699 1826 trahunt
719 1769 756 1824 ad
771 1770 900 1842 legatum
915 1769 956 1826 le·

74 1868 170 1945 gionis
190 1870 309 1944 primae,
324 1871 361 1927 G.
376 1869 556 1936 Cetroaium,
571 1869 620 1942 qui
634 1867 774 1925 iudicium
788 1871 819 1924 et
842 1884 968 1940 poenas·

75 1970 113 2026 de
142 1969 265 2044 singulis
287 1969 317 2024 in
332 1969 411 2026 bunc
433 1970 550 2026 modum
569 1967 712 2024 exercuit.
754 1967 882 2024 Stabant
904 1981 957 2040 pro

75 2067 220 2126 concione
234 2067 375 2142 legiones,
390 2067 536 2124 destrictis
550 2066 654 2142 gladiis
674 2083 738 2122 rens
760 2065 792 2122 in
814 2069 977 2139 suggestu-

75 2183 128 2240 per
141 2167 290 2224 tribunum
300 2167 523 2224 ostendebatur:
544 2166 570 2222 si
585 2169 740 2224 nocentem
765 2165 954 2223 adclamave-

75 2271 149 2336 rnnt,
165 2283 304 2341 praeceps
325 2267 408 2324 datus
422 2266 627 2324 trucidabatur.
642 2269 672 2322 et
692 2265 838 2339 gaudebat
852 2265 953 2324 caedi·

76 2365 130 2422 bus
153 2365 246 2434 miles,
268 2372 412 2440 tamquam
433 2370 526 2422 semet
549 2366 735 2422 absolveret:
756 2381 814 2421 nec
838 2364 953 2424 caesar

75 2467 204 2536 arcebat,
228 2465 352 2538 quando,
377 2466 458 2521 nullo
480 2465 569 2538 ipsius
595 2463 682 2531 iussu,
717 2480 809 2538 penes
831 2464 955 2520 eosdem

76 2563 202 2619 saevitia
216 2562 286 2620 lacti
301 2568 331 2619 et
344 2562 459 2620 invidia
478 2567 549 2619 erat.
564 2562 658 2618 secuti
680 2563 849 2634 exemplum
873 2567 955 2620 vete·

76 2659 148 2728 rani,
168 2661 245 2717 baud
259 2663 350 2717 multo
370 2665 435 2732 post
448 2660 480 2717 in
504 2660 640 2717 Raetiam
666 2659 827 2727 mittuntur,
850 2641 972 2734 specie*

76 2759 278 2817 detendendae
291 2758 470 2832 provinciae,
485 2761 522 2815 ob
534 2759 713 2816 imminentis
726 2761 859 2828 Suevos3
874 2763 954 2816 cete-

77 2875 149 2926 rum,
163 2864 195 2916 ut
205 2859 403 2916 avellerentur
416 2857 527 2925 castris,
543 2857 672 2916 trucibus
696 2858 801 2926 adbuc,
815 2875 876 2916 nou
900 2857 954 2916 mi·

107 3035 143 3080 Ac
156 3033 253 3080 mnilite
271 3032 380 3094 turbidos]
398 3031 510 3088 mairiu,
529 3045 570 3092 pro
589 3030 709 3090 secernite,
721 3030 831 3091 seiungite
847 3047 862 3078 a
881 3032 957 3091 vobis,

77 3093 137 3154 qaod
148 3092 356 3139 estanneinmlens.
388 3091 449 3138 Em.

117 3171 152 3216 Ol
177 3169 318 3216 imminenter
344 3169 434 3230 Suevos]
475 3169 594 3219 Quomodo
614 3167 681 3214 Saevi
707 3168 805 3224 Raetiae
834 3169 954 3217 imminere
1059 3175 1060 3180 ’

77 3228 199 3300 potuerint,
217 3227 314 3286 intelligi
328 3235 403 3333 qzoochst
421 3242 435 3273 e
452 3227 528 3274 Gerra.
545 3231 580 3273 ta.
605 3227 665 3273 Era.
697 3227 801 3274 meram
819 3243 869 3298 euna
887 3229 951 3276 Brot.

93 3301 141 3356 ona
157 3288 247 3392 ubique,
264 3301 308 3357 non
380 3292 421 3357 qt,
437 3288 466 3334 de
486 3287 606 3332 multorum
623 3287 740 3354 doctorum
756 3293 874 3355 sententis.
916 3288 953 3358 lta

87 3347 165 3451 aqvirdes
182 3361 272 3407 panmr
291 3351 314 3388 *t
342 3352 430 3416 9P¹¹¹¹³¹2
467 3344 561 3392 Menas
584 3344 716 3401 obvertitur,
736 3359 790 3390 acro.
823 3346 908 3392 Verum
928 3362 955 3394 ru
1059 3371 1060 3384 a

58 3405 161 3511 ttqndbrars
181 3419 225 3452 noa
244 3404 379 3452 Germanica
397 3417 469 3464 ongo,
492 3403 532 3452 sed
550 3403 704 3464 Romanarum
723 3405 860 3454 consuetudo
889 3419 953 3466 spee-
