2186 3850
144 194 287 245 arcos.
369 191 438 240 crs.
464 193 540 240 xnr.
591 173 669 240 cnr.
685 169 853 252 3,1.-33.
959 174 1032 242 373

145 347 251 416 titali,
272 351 321 406 ‘ut
342 348 367 404 si
390 347 453 422 quis
473 365 490 405 a
510 348 569 405 suis
593 347 686 404 servis
710 347 878 406 interiectus
900 352 987 415 esset,
1010 346 1033 405 ii

144 453 300 522 ‘quoqum
314 446 363 521 qui
384 452 559 504 testamento
580 447 748 504 manumissi
768 449 821 504 sub
835 447 939 518 eodem
954 452 1033 504 tecto

147 553 159 581 ⁸
176 545 366 612 mansissent,
381 546 458 604 inter
470 563 570 602 servos
585 546 727 618 supplicia
740 543 918 618 prenderent?
959 546 1034 602 Red-

111 667 118 676 ·
151 645 240 702 ditur
252 644 347 702 ordini
363 646 397 702 L.
413 645 530 710 Varius,
552 645 728 714 Consularis,
749 644 892 702 avaritiae
907 643 1035 702 crimini·

149 747 213 802 bus
227 743 468 815 olimperculsus.
512 745 550 802 Et
561 745 722 816 Pomponia
735 744 892 810 Graecina,
909 744 1034 818 insignis

152 843 279 908 femina,
301 842 424 908 Plautio,
445 842 494 917 qui
513 860 606 900 ovans
626 861 657 900 se
677 844 715 900 de
742 843 900 900 Britanniis
923 843 1035 912 retulit,

156 947 263 1014 nupta,
284 957 319 998 ac
340 938 546 1018 superstitionis
567 948 693 998 ostensae
721 959 780 1008 rea,
804 942 899 998 mariti
923 940 1035 998 iudicio

156 1039 310 1114 permissa.
352 1041 438 1114 Isque
460 1041 555 1112 prisco
575 1040 716 1105 instituto,
739 1040 904 1114 propinquis
924 1057 1035 1108 coram,

156 1136 318 1210 decapite
345 1138 478 1213 famaque
504 1139 638 1212 coniugis
665 1139 815 1212 cognovit,
838 1145 868 1196 et
888 1139 1035 1198 insontem

156 1236 318 1296 nuntiavit.
360 1218 463 1310 Longa
490 1237 558 1294 lsuic
588 1236 766 1310 Pomponiae
794 1245 884 1304 aetas,
912 1244 941 1296 et
965 1255 1034 1296 con·

157 1335 243 1392 liuua
264 1335 379 1392 tristitia
398 1335 463 1392 tutu
506 1337 583 1394 Nam
605 1343 669 1408 pust
689 1336 805 1404 Iuliam,
826 1336 913 1394 Drusi
934 1338 1034 1406 tiliam,

158 1436 230 1492 dolo
248 1434 435 1492 Messallinae
450 1435 642 1500 interiectam,
663 1453 714 1508 per
727 1435 917 1510 quadraginta
932 1453 1034 1505 annos,

158 1550 221 1590 non
235 1535 325 1597 cultu,
340 1532 396 1590 nisi
412 1533 532 1606 lugubri,
554 1551 611 1590 non
632 1535 739 1602 animo,
756 1535 812 1592 nisi
826 1542 948 1600 maesto,
962 1535 1033 1612 egit.

160 1633 256 1705 quue
282 1630 335 1694 illi,
364 1631 548 1703 imperitante
577 1633 710 1700 Claudio,
744 1635 871 1708 impune,
898 1653 967 1694 mox
995 1635 1033 1692 ud

158 1731 281 1806 glorians
298 1729 392 1788 vertit.
435 1731 517 1788 idem
536 1749 629 1788 annus
650 1735 744 1805 plures
759 1752 824 1792 reos
839 1735 948 1792 habuit.
963 1752 1029 1810 quo-
1044 1735 1087 1794 33

157 1845 222 1888 rum
238 1828 270 1884 P.
287 1830 431 1894 Celerem,
450 1837 607 1888 accusante
624 1831 705 1898 Asin,
726 1831 792 1904 quia
813 1834 964 1890 absolvere
980 1851 1027 1890 ne-

162 1927 263 2003 quibat
279 1929 397 1994 ansnr,
418 1928 518 1996 traxit,
538 1935 658 1988 senecta
679 1931 774 1986 donec
795 1935 915 1987 mortem
930 1931 1033 1990 obiret.

162 2044 234 2086 nam
248 2027 345 2094 (leler,
358 2027 523 2094 interiecto,
544 2034 575 2086 ut
595 2028 765 2094 memorari,
781 2027 891 2092 Silano,
908 2029 1033 2088 Procon-

160 2130 236 2193 sule,
257 2127 455 2201 magnitudine
474 2128 596 2184 sceleris
618 2136 717 2202 cetera
737 2127 846 2202 flagitia
866 2130 1032 2202 obtegebat

66 2257 69 2264 =
159 2225 369 2286 Cossutianum
384 2226 560 2299 Capitonem
575 2225 686 2284 Cilices
699 2228 864 2284 detulerant
888 2229 1033 2284 ‘maculo-

159 2331 241 2380 ‘suns
262 2325 442 2398 foedumque,
462 2325 590 2382 elidem
610 2325 654 2382 ius
675 2325 814 2382 audaciae
828 2325 858 2383 in
880 2325 1032 2400 provincia

157 2429 281 2490 ‘ratum
308 2424 383 2496 qnod
411 2423 442 2479 in
470 2425 539 2480 urbe
562 2421 753 2484 exercuerat?
796 2425 855 2481 Sed
881 2423 1030 2498 pervicaci

158 2521 348 2579 accusatione
368 2520 561 2588 condictatus,
582 2529 726 2594 postremo
746 2522 946 2580 defensionem
960 2524 1030 2582 omi-

159 2619 209 2684 sit,
229 2635 265 2676 sc
279 2622 343 2692 lege
364 2620 585 2692 repetundarum
606 2622 759 2677 damnatus
773 2626 826 2678 est.
868 2622 926 2678 Pro
939 2623 1031 2698 Eprio

160 2721 313 2791 Marcello,
327 2739 415 2796 aquo
429 2722 517 2796 Lycii
532 2740 577 2779 res
592 2724 772 2796 repetebant,
786 2739 823 2780 eo
838 2741 926 2799 usque
940 2725 1030 2786 ambi-

191 2873 358 2931 Superstitionis
374 2879 477 2922 solmone
494 2876 542 2934 rso]
574 2873 737 2922 Christianismi
752 2877 820 2923 credo
836 2888 961 2926 accusatam
972 2879 1030 2926 hauc

160 2933 273 2988 feminam,
282 2934 337 2989 slve,
345 2939 370 2980 ut
380 2941 432 2982 tuuc
439 2935 611 2991 contundebant,
621 2935 733 2982 ludaisni.
765 2937 817 2983 Non
826 2951 879 2997 ergo
888 2939 1029 2998 superstitio·

161 2999 204 3052 nis,
220 3000 259 3045 sed
284 2999 403 3056 religionis.
447 3001 495 3047 Etsi
513 3000 614 3046 universe
632 3001 712 3056 fateor,
729 3016 796 3060 genus
812 3003 854 3049 hcc
871 3003 899 3050 ad
916 2999 1029 3074 &grommo

160 3064 185 3104 et
203 3057 292 3103 inanem
309 3063 467 3118 externumque
482 3060 566 3106 cultum
581 3059 644 3106 nimis
660 3075 760 3119 pronum.
794 3061 854 3118 [o'ps.
886 3061 1028 3108 Cirnstiacac

157 3115 319 3174 religionitum
336 3117 369 3163 tre
386 3132 439 3166 uens
453 3118 496 3164 ista
514 3118 602 3166 macula
620 3119 700 3166 inusta.
731 3119 761 3167 V.
782 3124 816 3177 15,
832 3124 867 3166 tl.
884 3121 946 3166 Suet.
969 3120 1025 3169 Ner.

161 3132 407 3234 16.Pltn.ep.1u,ir
510 3179 512 3186 ’

200 3253 253 3299 Post
262 3253 349 3300 lulium
368 3255 442 3302 Drusi
452 3254 540 3317 filium]
573 3255 634 3302 Duas
652 3256 711 3302 enim
731 3255 799 3302 lulies
815 3253 923 3302 claudius
936 3256 1026 3303 sustulit

160 3327 226 3359 suasu
235 3313 282 3358 sire
291 3313 349 3359 iussu
361 3314 507 3361 Messallinae
517 3334 521 3358 ι
538 3314 632 3372 alteram
644 3313 719 3372 Drusi,
729 3315 823 3362 alteram
833 3313 961 3361 Germanici
974 3329 1025 3378 pro·

159 3371 213 3418 lem.
245 3373 383 3419 Suetonii¹
400 3379 424 3417 et
440 3373 486 3420 Dio
503 3377 539 3424 db,
550 3376 562 3419 8
573 3378 597 3419 et
609 3376 642 3420 lb.
673 3373 871 3421 Senecainloudo.
901 3371 963 3432 rapo.

188 3449 228 3495 Art
237 3449 333 3506 gloriam
340 3451 416 3512 onus]
448 3451 484 3499 ab
493 3451 603 3502 absolute,
614 3457 640 3496 ut
649 3451 713 3498 aliss.

200 3547 279 3590 von..
293 3548 315 3588 s.
592 3533 631 3588 32
