2164 3846
105 263 235 314 acm.
343 240 811 342 nrn.1v.cre.rtl.-43.
910 237 983 308 not

103 418 302 485 lacerabatur,
322 415 454 489 adeoque
476 415 625 487 perculsus
646 421 700 482 est,
721 421 753 474 ut
771 431 801 474 se
821 413 862 472 ccl
880 413 985 484 etnim,

105 516 147 574 ool
174 514 208 572 in
228 512 385 592 cognitione
407 518 609 591 pinguescam,
633 515 816 585 clamitaret3
841 515 986 588 precibus·

106 635 164 692 qne
186 615 396 690 proximorum,
416 613 584 677 adulatione
603 614 745 680 omnium,
764 632 850 688 aegre
870 631 986 688 compo-

107 720 196 774 neret
230 713 371 771 animum.
422 713 462 770 El
493 713 640 772 Votienus
673 713 790 789 quidem
824 713 986 772 maiestatis

108 813 216 890 poenis
236 813 368 870 adlectus
382 817 443 869 est:
471 811 583 870 Caesar
602 813 749 872 obiectam
770 813 826 872 sibi
845 815 986 870 adversus

108 931 177 974 reus
196 912 422 971 inclementiam
444 927 482 968 eo
506 912 690 986 pervicacius
711 915 874 987 amplexus,
897 911 987 986 Aqui·

109 1015 194 1080 liam,
215 1013 351 1071 adulterii
372 1014 512 1079 delatam,
538 1027 605 1070 cunr
633 1011 728 1070 Vario
752 1012 870 1086 Ligure,
890 1027 986 1087 quam·

111 1131 199 1190 qnam
221 1114 364 1170 Lentulus
383 1111 567 1178 Gaetulicus,
588 1111 700 1169 Consul
720 1111 900 1184 designatus,
921 1113 985 1184 lege
1015 1109 1020 1116 '

109 1213 186 1272 lulio
199 1214 376 1282 damnasset,
390 1210 498 1268 exsilio
512 1210 646 1284 punivit:
676 1209 875 1285 Apidiumque
890 1209 986 1268 Meru-

28 1303 29 1309 '
110 1315 179 1380 lam,
203 1309 280 1388 pared
303 1308 334 1366 in
359 1315 424 1368 acto
450 1307 490 1367 D.
506 1306 631 1385 Augusti
657 1325 714 1367 non
740 1307 894 1379 iumoerot,
918 1309 986 1368 albo

113 1410 271 1471 Senatorio
284 1410 382 1468 erasit.

152 1509 285 1570 Auditae
296 1509 405 1566 dehine
416 1508 717 1568 Lacedaemoniorum
728 1513 759 1566 et
773 1507 985 1566 Messeniorum
996 1510 1038 1570 43

112 1611 286 1686 legationes,
305 1609 343 1666 de
362 1609 425 1686 iure
446 1608 549 1682 templi
570 1607 687 1666 Dianae
710 1608 895 1677 Limnatidis,
909 1609 985 1683 quod

111 1710 121 1744 ‘'
129 1711 191 1768 eois
205 1727 224 1766 a
237 1708 404 1776 maioribus,
416 1725 525 1782 suaque
538 1707 570 1765 in
583 1712 659 1766 terra
672 1707 822 1776 dicatum,’
837 1709 986 1766 Lacedae·

112 1809 207 1868 monii
218 1809 375 1866 firmabant
389 1809 541 1865 annalium
561 1807 700 1864 memoria
713 1812 870 1882 vatumque
884 1806 986 1866 carmi·

112 1909 213 1968 nibus:
244 1908 314 1963 ‘sed
330 1905 503 1971 Macedonis
518 1905 658 1980 Philippi,
666 1923 733 1965 cum
747 1923 804 1980 quo
818 1908 985 1974 bellassent,

111 2008 220 2088 ‘anuis
232 2007 410 2080 ademptum,
423 2023 460 2062 uc
480 2013 544 2078 post
557 2005 592 2063 C.
609 2005 744 2063 Caesada
755 2010 785 2062 et
800 2005 843 2062 M.
859 2005 985 2064 Antonii

111 2105 282 2165 ‘sententia
300 2098 467 2162 redditum!
518 2105 628 2162 (luntre
648 2103 800 2171 Messenii,
835 2109 985 2160 ‘veterem
1071 2085 1072 2092 ἵ

113 2207 209 2264 ‘inter
220 2205 357 2264 Herculis
371 2209 501 2278 postcom
511 2203 689 2262 divisionem
704 2201 910 2274 Peloponnesi'
923 2221 985 2276 pru

113 2309 216 2374 tulere,
236 2311 363 2379 ‘suoque
378 2303 454 2378 Regi
473 2303 696 2361 Dentheliatem
715 2319 825 2377 agmm,
839 2302 870 2360 in
883 2321 942 2376 quo
955 2301 985 2360 id

113 2407 295 2470 ‘delubrum
316 2404 458 2461 cessisse:
482 2402 718 2478 monimentaque
731 2402 795 2460 eius
817 2402 860 2460 rei
873 2405 986 2476 sculpta

112 2506 222 2573 ‘saxia
232 2510 263 2560 et
273 2521 341 2561 acre
353 2504 449 2577 prisco
457 2520 585 2561 manere.
597 2505 672 2578 quod
684 2503 709 2560 si
721 2509 829 2568 valum,
837 2504 985 2562 annalium

114 2605 168 2662 ‘ed
191 2603 362 2661 testimonia
375 2608 527 2671 vocentur,
547 2605 643 2677 plures
657 2604 712 2662 sibi
731 2621 767 2661 ac
782 2605 985 2679 locupletiores

113 2710 205 2762 ‘essa
228 2719 322 2777 neque
344 2702 512 2776 Philippum
540 2703 680 2775 potentis,
700 2705 751 2761 sed
774 2721 812 2762 ex
834 2687 905 2762 vero
929 2711 985 2763 sla-

113 2803 233 2861 ‘tuisse
263 2802 342 2860 idem
376 2803 474 2876 Regis¹
506 2802 661 2876 Antigoni,
696 2804 773 2862 idem
800 2805 985 2880 Imperatoris

113 2901 274 2961 ‘Mummii
298 2901 448 2960 iudicium.
478 2901 522 2958 sic
543 2901 686 2972 Milesios,
708 2905 849 2979 permisso
869 2907 985 2980 publice

141 3077 200 3124 Atto
217 3076 356 3138 simpron
374 3076 456 3124 Album
474 3095 500 3127 ou
515 3093 623 3142 amaena,
634 3078 657 3126 id
675 3083 716 3136 esi,
736 3081 827 3130 tabulae
846 3082 944 3139 nlbatae,
963 3082 986 3129 in

112 3142 190 3248 qffirg
200 3139 292 3247 rffmina
309 3139 635 3248 τιιίἰηᾱνὶὲὸιμιίἀ,ἐὲξετὶρῑυιιιι
652 3143 689 3189 Sic
707 3145 847 3202 legienlburn
865 3145 986 3198 Praetoris,

113 3216 189 3306 iram
203 3212 388 3320 effigiei?
404 3203 986 3310 detailliiillillnllfllttnll
1071 3261 1072 3264 Ν

111 3325 190 3375 gustus
200 3333 221 3363 a.
233 3333 255 3363 n.
267 3321 318 3365 746.
328 3331 378 3363 turn
388 3332 480 3366 recenso
496 3323 579 3367 serrata
596 3321 691 3367 mulctas
708 3278 883 3381 iniiequeutibus
892 3319 987 3377 imposn-

113 3378 174 3431 isset‚
185 3383 210 3422 et
220 3377 286 3422 simul
303 3376 416 3422 definisset
426 3392 548 3435 numerum,
563 3379 623 3426 intra
639 3393 705 3439 quem
722 3379 765 3424 SC.
786 3391 830 3422 non
841 3378 910 3438 lieret.
941 3374 987 3438 Ena
1071 3377 1072 3410 l

113 3437 143 3482 nd
159 3451 196 3482 res
213 3435 284 3481 visum
301 3437 447 3482 necessarium
467 3438 557 3484 album:
573 3437 633 3498 quod
651 3441 782 3483 renovatum
797 3434 988 3490 quorsumnam
1071 3461 1072 3464 ¹

115 3493 343 3556 Curiapropositum.
375 3493 421 3542 Dio
430 3499 466 3552 55,
475 3500 498 3542 3.
1071 3501 1072 3510 ¹
