2172 3842
440 265 663 320 rnnurs'rlo.
957 265 1005 320 xix

112 424 165 508 qui
188 445 250 509 pro
273 422 379 486 Mario
404 423 570 502 insigniter
593 423 685 498 dixit,
710 421 847 486 'Pacilus
869 441 1001 508 respou-

114 530 159 592 dit
175 531 452 614 eloquentissime,
465 538 499 591 et
516 529 599 612 quod
616 531 765 592 eximium
781 530 912 592 orationi
929 528 1001 611 ejus

116 635 228 713 inerat,
251 637 405 716 graviter.
454 635 597 698 Damnati
609 637 697 700 suere
714 636 835 700 Marius
848 644 880 698 et
893 635 1002 698 Marti·

113 763 206 805 anus.
256 743 294 805 In
312 743 373 804 fine
398 743 571 806 sententiae
595 744 771 826 adjectum,
800 742 909 826 ‘quod
928 742 1001 806 Ta·

119 851 226 912 ‘citus
243 859 275 912 et
293 850 415 912 Plinius
443 849 591 932 injuncta
606 847 815 913 advdcatioue
832 849 1001 930 diiigenter
1074 923 1075 946 χ

120 956 334 1040 ‘fortiterque
351 957 451 1019 iuncti
475 966 591 1031 assent,
615 957 758 1048 arbitrari
783 963 924 1019 serratum
956 955 1000 1018 ils

121 1070 196 1124 ‘eos
221 1064 351 1137 secisse,
376 1073 408 1124 ul
433 1063 560 1144 dignum
585 1063 739 1126 mandatis
763 1063 906 1147 partibus
934 1063 1000 1124 lue·

120 1167 216 1230 ‘rit.’¹
254 1169 352 1230 Pares
375 1169 520 1231 laudibus
543 1169 619 1230 lecit
637 1179 775 1243 senatus,
792 1189 871 1252 quos
888 1169 999 1230 eadem

121 1275 221 1337 ferme
237 1285 337 1350 aetas,
355 1296 411 1360 par
427 1275 572 1355 dignitas,
590 1269 766 1338 studiorum
781 1286 813 1338 et
827 1275 999 1338 animorum

121 1381 294 1443 similitudo
320 1391 391 1468 ante
417 1382 638 1464 conjunxerat,
670 1381 700 1444 in
734 1403 844 1464 magna
867 1381 998 1446 nominis

128 1487 318 1550 celebritate
335 1488 524 1552 concordes.

162 1593 281 1657 Nullus
299 1593 383 1656 eninr
408 1585 528 1656 Tacito
548 1613 664 1679 pravae
687 1595 902 1658 aemulationis
930 1615 1000 1658 sen·

124 1711 199 1768 sue·
239 1702 340 1764 lmnro
382 1712 489 1764 certus
527 1703 644 1765 decora
681 1702 804 1785 ingenis
841 1704 1000 1766 literarum

124 1811 344 1874 communione
358 1809 582 1884 commendari,
596 1809 765 1885 studiosos,
778 1809 832 1893 qui
845 1811 883 1871 ad
897 1810 1000 1894 ipsum

122 1918 250 2000 exejus
269 1916 384 1996 ingenii
407 1915 609 1978 admiratione
627 1913 882 1990 conveniebant?
897 1914 1000 1980 cousi·

120 2023 168 2088 liis
200 2031 233 2085 el
266 2022 446 2107 praeceptis
475 2023 653 2084 erudiebat.
702 2023 790 2108 lpse,
826 2021 1001 2085 studiorum

124 2129 278 2201 hortator,
291 2127 425 2188 Plinium
443 2129 571 2202 monuit,
584 2140 615 2189 ut
635 2129 807 2192 Historiam
824 2130 1003 2192 scriberet.a

125 2235 224 2308 Quod
243 2255 316 2296 cunr
334 2235 384 2295 ille
402 2233 587 2307 declinaret,
611 2235 795 2298 difficultate
819 2235 1000 2310 deterritus,

120 2345 232 2405 aliisve
250 2340 409 2402 distentus
426 2331 530 2416 cirris3
563 2341 700 2403 Tacitus
718 2342 749 2402 id
768 2343 902 2404 muneris
920 2342 948 2404 in
966 2361 1000 2406 se

119 2449 258 2533 recepit,
285 2467 323 2510 ne
350 2445 516 2510 excideret
548 2469 616 2510 rara
649 2456 826 2534 temporum
853 2448 1000 2524 felicitae,

120 2577 194 2640 qna,
219 2554 280 2616 sub
308 2553 427 2638 optimo
451 2553 608 2639 principe,
638 2555 720 2616 bono
743 2554 859 2638 cuique
883 2555 1000 2618 sentire

120 2683 203 2746 quae
221 2661 328 2734 vellet,
341 2667 373 2722 et
390 2680 471 2742 quae
487 2660 618 2722 sentiret
636 2661 744 2724 dicere
761 2662 897 2724 liceret.⁴
934 2660 999 2724 Ne·

120 2789 172 2831 mo
196 2777 302 2830 aulem
329 2765 370 2828 ad
397 2767 597 2830 scribendam
630 2767 804 2831 Historiam
830 2777 941 2832 ustura
964 2774 998 2831 et

121 2882 188 2937 arte
206 2893 353 2956 umquam
371 2872 509 2956 paratior
531 2874 679 2935 accessit.
728 2875 817 2936 Aere
834 2875 917 2937 enim
935 2873 999 2938 Τε-

122 2981 188 3043 cito
204 2981 305 3043 inerat
324 2977 493 3062 judicium,
517 2979 625 3041 vivida
648 3001 745 3056 mens,
770 3001 880 3063 magna
895 3001 1000 3044 rerum

122 3085 348 3168 hominumque
364 3084 499 3150 scientia
520 3092 553 3148 et
575 3086 782 3171 experientia,
805 3095 952 3172 prompta
967 3094 1001 3150 et

127 3192 288 3279 profunda
302 3191 463 3274 cogitandi
477 3211 514 3254 ac
530 3192 691 3256 scribendi
707 3195 774 3256 via:
796 3194 946 3277 quodque
963 3194 1000 3258 iis
1074 3165 1075 3186 Χ

153 3364 163 3396 ¹
174 3361 233 3410 Plio.
245 3361 319 3422 Epist.
332 3361 362 3418 11,
375 3363 410 3409 ll.
701 3362 713 3393 ²
724 3360 782 3406 Plio.
795 3360 868 3419 Epist.
881 3359 924 3413 Ν,
936 3362 970 3404 13.

154 3441 167 3474 ³
177 3440 282 3488 Sidonius
293 3439 435 3501 Apollinaris
445 3437 520 3500 Epist.
533 3437 574 3494 lV,
585 3441 621 3486 22.
653 3438 710 3483 Plio.
724 3437 795 3495 Epist.
806 3435 836 3490 V,
847 3437 869 3480 s.

158 3519 170 3554 ⁴
180 3519 258 3568 Tacit.
269 3517 330 3566 Hist.
343 3517 361 3576 l,
374 3522 394 3566 l.
