2134 3826
102 188 172 260 loo
258 177 262 186 ’
422 205 607 264 aramma
826 215 858 262 r„
874 212 906 260 v.
919 213 972 262 rar.

98 365 246 440 monum
258 365 332 438 ,ipae
352 369 403 424 aut
426 383 478 440 per
499 365 589 424 filium
613 363 644 424 ia
661 365 833 426 Armeniam
853 369 974 435 ducere,

98 471 249 539 utrumque
263 467 444 538 neglexerat.
485 464 573 538 Cyrri
596 465 723 533 demum,
747 469 823 540 apud
848 465 972 524 hiberna

96 565 239 622 decuma
267 563 400 638 legionir,
426 579 604 630 convenere,
638 564 751 622 firmato
778 567 873 633 rultn,
901 564 973 622 Piao

98 663 239 722 advertar
253 669 371 728 metum,
390 661 595 726 Germanicus,
615 679 652 718 ne
667 661 771 720 minari
784 665 973 720 crederetur:

99 767 131 820 at
144 767 215 829 arat,
229 767 260 819 nt
275 760 369 826 retuli,
388 761 571 820 clementior.
592 761 644 818 red
658 759 758 828 amici,
772 761 972 818 accendendi·
1042 721 1045 826 i

98 859 307 920 affectionibur
326 859 437 925 callidi,
458 859 612 918 intendere
634 877 713 927 vera,
733 861 872 934 adgerere
884 859 970 930 salta,
1045 828 1046 888 i

100 959 251 1034 iprumqne
264 965 295 1016 et
317 958 491 1016 Plancinam
514 965 544 1016 et
567 959 643 1016 iiiior
662 958 751 1016 variis
771 959 864 1017 modia
877 959 974 1018 arimi-
1046 934 1047 1014 i

101 1060 177 1118 nari.
198 1065 351 1132 poemenio,
375 1057 476 1132 paucis
499 1047 685 1116 familiarium
709 1053 859 1126 adhibitis,
878 1073 975 1116 nermo
1047 1040 1048 1114 i

100 1165 222 1230 coeptu·
236 1175 253 1216 a
268 1157 535 1232 cenomanniam
549 1157 592 1214 ira
606 1163 636 1214 et
650 1157 843 1214 dissimulatio
856 1157 972 1232 gignit:
1048 1146 1049 1210 l

101 1274 270 1328 reapournm
284 1274 302 1313 a
317 1255 423 1314 Piroua
438 1255 573 1329 precibua
585 1255 819 1323 contumacibus,
832 1257 974 1313 ‹liaceeae
1049 1252 1050 1300 l

99 1359 223 1428 runtque
250 1355 358 1425 apartia
390 1353 475 1412 odiir.
509 1359 630 1429 pcrtqua
664 1371 743 1411 rarua
773 1353 803 1412 in
831 1354 972 1412 tribunali
1050 1360 1051 1398 l

102 1450 237 1510 onerari·
252 1451 331 1519 Piro,
351 1453 433 1510 etri
454 1454 569 1529 quando
589 1453 745 1536 abluerer,
766 1458 849 1510 atrox
863 1469 900 1510 ao
914 1453 972 1512 dia·
1051 1466 1052 1476 ¹

100 1548 212 1608 contire
235 1549 415 1608 maniiertua.
430 1567 501 1610 ¹vox
523 1569 636 1626 quoque
660 1553 723 1609 eiua
746 1551 846 1610 audita
868 1557 916 1608 eat
939 1551 971 1610 in

100 1647 252 1717 convivio,
272 1664 341 1708 cum
365 1651 441 1723 apud
466 1651 578 1726 Regem
605 1650 820 1708 Nabataeorum
843 1666 973 1708 coronae
1053 1678 1054 1688 κ

100 1763 206 1806 nareae
220 1763 326 1822 magno
345 1750 472 1821 pondera
487 1748 607 1808 Caesari
627 1754 658 1806 at
671 1748 865 1822 Agrippinae,
886 1750 971 1806 levea
1052 1785 1055 1810 t

101 1845 203 1906 Piacni
216 1853 246 1904 et
256 1847 363 1905 celeria
375 1848 560 1906 offerrentur:
581 1847 744 1920 ‘Principia
758 1845 972 1914 Romana—non
1055 1890 1056 1904 ,

100 1945 221 2004 ‘Parthi
234 1945 325 2021 Regia
338 1945 407 2014 lilio,
418 1963 468 2003 aaa
482 1947 583 2020 epulan
596 1945 660 2004 dari
668 1943 687 2003 ι’
706 1945 873 2020 abiecitque
884 1945 975 2004 simui

99 2059 248 2115 aaronem,
258 2051 289 2104 at
300 2047 390 2104 multa
402 2045 435 2102 in
449 2047 550 2103 luxum
564 2043 685 2112 addidit,
695 2061 770 2118 quaa
781 2043 975 2113 Germanico,

49 2155 89 2213 58
102 2161 274 2222 quamquam
293 2145 408 2212 acerba,
428 2145 624 2202 tolerabantur
642 2148 750 2200 tamen.
791 2143 874 2200 lntar
894 2159 970 2217 quae

102 2245 186 2318 aega
206 2244 376 2302 Parthorum
400 2243 551 2301 Artabano
577 2241 667 2315 legali
696 2257 822 2308 venere:¹
852 2240 976 2299 miserat

102 2342 283 2420 ‘amicitiam
296 2359 332 2400 ac
346 2338 455 2400 iocdur’
469 2344 684 2406 memoraturus,
704 2343 755 2395 ‘at
767 2353 875 2412 cupere
890 2355 975 2396 rann

104 2441 187 2498 ‘vari
213 2441 341 2507 dextrae,
372 2440 561 2511 daturumque
595 2437 698 2494 honori
732 2437 917 2504 Germanici,
943 2443 976 2494 nt

104 2537 213 2609 ‘ripam
228 2537 384 2610 Euphratis
405 2539 579 2594 accederet:
604 2541 703 2608 petere
718 2534 844 2600 interim,
858 2553 898 2592 ne
913 2536 976 2594 Vu-

104 2641 214 2692 ‘nouea
228 2634 259 2691 in
275 2634 362 2707 Syria
376 2637 539 2701 baberetur,
553 2652 611 2692 neu
622 2651 755 2706 procerae
766 2632 899 2707 gentium
912 2651 974 2706 prc-

105 2732 239 2806 ‘pinquia
253 2733 362 2790 nuntiis
377 2735 412 2790 ad
427 2733 586 2790 discordiae
601 2729 748 2789 traheret.⁹
789 2732 837 2790 Ad
850 2748 886 2788 aa
899 2733 974 2790 Ger·

105 2831 245 2896 manicat,
271 2833 309 2888 de
338 2832 480 2888 societate
514 2819 709 2889 Romanorum
743 2831 975 2904 Parthorumque

105 2930 275 3004 magnifica
296 2931 333 2986 de
342 2931 470 2988 adventu
483 2930 572 3005 Regia
586 2937 615 2986 et
628 2931 708 2987 cultu
722 2929 852 2997 unicum
864 2930 973 2986 decore

105 3034 135 3086 et
169 3029 310 3086 monentia
344 3029 499 3101 respondit.
554 3029 696 3086 Vononen
729 3027 973 3100 Pompeiopolim,

106 3127 232 3184 Ciliciae
246 3127 420 3184 maritimam
432 3127 542 3193 urbem,
557 3131 669 3183 amotus
684 3132 737 3182 eat.
751 3128 850 3182 datum
866 3126 895 3182 id
911 3143 971 3184 non

105 3225 192 3281 mollo
215 3225 348 3297 precibus
377 3223 529 3303 Artabani,
556 3226 607 3280 aad
628 3224 824 3282 contumeliae
845 3223 972 3294 Piaonir,

105 3324 153 3382 cui
167 3322 344 3396 gratissimus
367 3325 429 3375 erat
444 3321 482 3376 ob
507 3322 630 3390 plurima
652 3323 749 3381 officia
762 3328 793 3380 et
806 3323 894 3393 dona,
909 3321 972 3398 qui·

97 3423 158 3508 ,iun
172 3421 346 3482 Plancinam
359 3416 545 3476 devinxerat.
