2134 3826
86 245 156 310 102
213 223 215 230 ’
406 262 590 314 annnorum
803 268 834 314 n.
851 267 881 314 u.
899 271 949 318 rra.

81 414 171 476 dubio
197 417 264 488 leur
296 415 348 474 red
375 433 469 492 neque
495 416 595 476 rtatim
617 420 648 474 et
668 415 770 491 paneis
793 419 953 494 suffragiis:

80 516 233 590 quomodo,
246 514 334 574 etiarn
348 532 414 576 curn
429 517 570 582 valerent,
585 517 665 588 leges
686 515 891 576 vincebantur.

29 594 71 654 ⁵2
89 613 91 624 ’
121 615 233 672 Eodem
247 631 325 672 anno
337 619 473 686 coeptum
494 613 525 670 in
543 613 645 672 Africa
659 615 777 684 bellum,
792 617 867 673 duce
889 617 953 674 troa-

80 712 153 772 tium
168 713 367 774 'I'aclarinata
381 713 415 779 ir,
429 711 548 770 natione
572 713 709 782 Numida,
723 713 754 772 in
775 715 879 772 castris
894 715 952 773 Ro·

81 813 178 871 mania
205 811 359 870 auxiliaria
383 811 529 884 stipendia
559 813 688 879 maritus,
716 829 784 870 mox
813 814 954 882 desertor,

81 929 174 986 vagos
195 911 316 985 primurn
340 915 371 966 et
396 909 556 968 latrociniis
581 916 678 968 suetos
701 911 737 968 nd
760 913 898 985 praedam
921 918 953 972 et

81 995 180 1084 raptus
194 1025 386 1084 congregare:
406 1007 486 1075 dein,
507 1025 586 1065 more
611 1008 743 1076 militiae.
765 1028 817 1083 per
840 1011 952 1070 vexilla

81 1115 112 1166 et
145 1115 252 1170 turmas
286 1123 476 1180 componere:
513 1112 660 1180 postremo
688 1125 750 1166 non
782 1108 953 1168 inconditae
1059 1145 1060 1180 2

80 1211 189 1277 turbae,
202 1209 252 1272 red
266 1207 484 1266 Musulanorum
496 1205 557 1262 dux
571 1205 682 1264 haberi.
710 1207 820 1266 Valida
829 1226 865 1266 ea
879 1225 952 1282 gens
1059 1193 1060 1208 ¹

79 1313 111 1366 et
123 1308 326 1366 solitudinibus
342 1305 460 1364 Africae
475 1303 644 1379 propinqua,
675 1307 757 1364 nullo
776 1307 866 1378 etiam
889 1293 951 1366 tum

80 1408 192 1464 urbium
206 1409 296 1473 cultu,
310 1409 391 1480 cepit
411 1423 499 1472 arma,
522 1405 697 1480 Maurosque
720 1408 836 1464 accolas
851 1407 882 1464 in
894 1408 953 1464 bel·
1059 1449 1060 1458 2

78 1507 145 1564 lunt
154 1505 252 1563 traxit.
267 1507 326 1564 dux
340 1511 371 1564 et
385 1506 430 1564 llis
445 1504 591 1579 Mazippa.
604 1505 771 1579 divisusque
785 1505 951 1562 exercitus:

81 1612 114 1664 ut
129 1605 305 1664 Tacfarinas
320 1609 412 1664 lectos
426 1606 515 1674 viros,
537 1611 567 1662 et
592 1605 756 1664 Romanum
778 1605 809 1662 in
834 1605 952 1662 modom

79 1699 214 1768 armaion,
252 1704 354 1764 castris
388 1705 541 1772 adtineret,
575 1703 732 1777 disciplina
760 1695 795 1760 ¹et
821 1702 953 1776 imperiis
1059 1749 1060 1760 ,

79 1810 244 1864 suesceret:
266 1803 403 1877 Mazippa
416 1804 477 1862 leri
500 1819 568 1861 cum
583 1803 669 1876 copia
683 1802 821 1863 incendia
836 1807 866 1859 et
884 1819 952 1861 cae·
1059 1799 1060 1874 ]

79 1903 131 1962 dea
145 1908 176 1962 et
197 1909 333 1962 terrorem
357 1903 563 1962 circumferret.
585 1904 842 1976 compulerantque
866 1902 951 1960 ctut-

79 2002 263 2070 antoanam
285 2003 478 2075 spernendam
500 2001 659 2068 nationem,
684 2001 716 2058 in
737 2003 859 2069 eadem;
880 2017 948 2058 cum
1059 1997 1060 2000 ’

80 2101 185 2162 Furius
209 2101 361 2168 Camillus,
389 2101 548 2158 Proconsul
577 2099 708 2166 Africae,
736 2099 951 2173 legionem..et

81 2203 157 2276 quod
180 2201 233 2258 rub
257 2200 348 2274 signis
368 2185 526 2264 sociorum,
548 2198 580 2256 in
600 2215 689 2256 unum
715 2199 886 2264 conductos,
912 2198 952 2256 ari
1059 2269 1060 2272 Ἴ

78 2299 192 2358 hostem
213 2299 315 2358 duxit:
350 2298 494 2354 modicam
521 2279 648 2363 manum,
675 2295 701 2354 si
729 2296 948 2354 multitudinem
1059 2343 1060 2352 ,

79 2397 271 2458 Numidarum
299 2402 384 2472 atque
409 2396 574 2454 Maurorum
598 2401 762 2468 arrectarea:
794 2397 846 2454 sed
874 2396 949 2456 nihil

76 2500 352 2572 aequecavebatur‚
375 2513 460 2570 quam
487 2513 525 2554 ne
550 2497 657 2552 bellum
681 2501 761 2554 metu
785 2497 949 2554 eluderent.
1059 2489 1060 2494 '

79 2613 131 2668 ape
154 2595 295 2654 victoriae
323 2595 435 2660 inducti
461 2600 537 2660 eunt,
560 2599 591 2652 ut
615 2594 814 2652 vincerentur.
855 2595 949 2668 lgitur

79 2693 157 2766 legio
171 2693 277 2758 medio,
301 2695 383 2750 leves
397 2696 531 2752 cohorter
544 2695 752 2766 duaequealae
766 2692 798 2750 in
811 2693 949 2752 cornibus

78 2794 220 2850 locantur.
261 2790 327 2847 Nec
349 2791 524 2852 Tacfarinas
544 2809 669 2866 pugnam
682 2791 868 2850 detrectavit.
892 2792 949 2850 luri
1059 2783 1060 2850 ἶ

79 2889 235 2954 Numidae,
249 2891 409 2978 multosque
425 2895 489 2963 poet
501 2908 592 2948 annos
608 2890 696 2948 Furio
712 2889 823 2948 nomini
832 2897 946 2962 partum

78 2991 169 3048 decus
189 2986 320 3046 militiae.
342 3005 409 3046 nam
425 2995 489 3061 poet
510 2989 591 3054 illum
613 2989 837 3062 reciperatorem
856 2992 946 3057 urbia,

78 3088 225 3160 liliumque
238 3085 301 3142 eius
315 3085 480 3153 Camillum,
496 3105 585 3160 penes
598 3087 671 3144 elias
684 3086 808 3144 familiae
823 3087 946 3160 impera·
1059 3159 1060 3166 ἵ

78 3185 153 3246 toris
179 3185 241 3240 laus
272 3182 370 3264 luerat.
414 3184 512 3256 Atque
541 3185 600 3251 hic,
623 3202 711 3258 quem
743 3201 947 3248 memoramus,
1059 3227 1060 3248 t

78 3283 219 3344 bellorum
233 3296 337 3350 expers
351 3279 569 3346 habebatur‚eo
594 3281 711 3353 pronior
734 3282 874 3338 'l'ilrerius
900 3301 947 3340 rer
1059 3269 1060 3292 ³

74 3385 175 3454 ¹gnatas
188 3377 263 3450 apud
278 3376 418 3432 Senatum
428 3379 608 3434 celebravit:
629 3385 659 3434 et
669 3381 828 3436 dec-revere
843 3381 949 3439 Patren

6 3462 9 3470 ’
79 3473 262 3546 triumphalia
288 3471 430 3546 insignia:
450 3476 525 3552 quod
550 3474 685 3543 Camillo,
708 3477 748 3534 ob
769 3479 946 3546 modestiam

90 3569 168 3639 ttae,
182 3571 299 3646 impune
313 3567 376 3630 tuit..
