2164 3846
107 250 255 306 acu„
328 247 398 296 mn.
425 247 477 296 xa·
523 245 601 294 cnr.
627 227 796 294 21.-23.
907 223 977 294 291

106 404 163 473 dit,
187 404 334 462 incertum
356 420 395 460 aa
415 405 575 462 occultans.
618 401 728 461 lisdem
752 399 927 460 Consulibus
947 402 982 460 Ρ.

107 505 269 562 Dolabella
290 503 414 572 censuit,
426 501 613 580 spectnarhrrn
622 501 816 580 gladiatorum
826 519 878 578 par
890 519 985 560 ornam

108 619 202 660 nanos
232 601 425 660 crklrandrrm
444 600 564 680 pearata
590 619 693 670 aarum,
721 600 769 679 qai
792 599 984 665 mensnram

112 700 343 779 adipiscerentur.
386 703 473 776 Apud
497 701 622 760 maiores
644 702 759 760 virtutis
773 701 803 759 id
826 701 985 776 praemium

108 801 216 869 iuerat,
239 801 544 878 cunctisqnecivium,
568 802 699 860 sibonis
723 802 831 860 artibus
854 803 985 872 fiderent,

110 900 229 960 licitum
250 907 349 974 petere
374 901 578 982 Magistratus:
599 919 635 959 ac
659 921 697 960 ne
711 907 792 960 aetas
814 901 930 977 quidem
944 900 986 964 di·

110 1001 323 1075 rtinguebatur,
335 1002 404 1076 quin
419 1002 512 1075 prima
525 1001 647 1060 iuventa
661 1003 853 1060 Consulatum
867 1019 902 1058 ac
915 1001 985 1060 Dic·

6 1183 8 1190 ·
110 1105 241 1184 laturam
269 1101 386 1159 inirent.
445 1103 504 1158 Sed
530 1101 715 1174 Quaestores,
740 1102 869 1175 Regibus
896 1101 988 1158 eliam

112 1209 176 1260 tum
206 1202 423 1275 imperantibus,
443 1201 570 1259 instituti
593 1207 679 1258 saint:
700 1202 775 1275 quod
800 1203 849 1258 len
874 1198 986 1258 curiata

110 1302 252 1368 ostenuit,
266 1303 303 1358 ab
324 1303 358 1360 1..
380 1301 471 1358 Bruto
485 1299 618 1374 repetita.
660 1299 827 1374 Mansiluue
852 1299 988 1359 Consuli-

114 1401 170 1456 bus
186 1405 313 1472 potestas
336 1399 495 1473 deligendi,
513 1401 608 1457 donec
622 1415 688 1456 eum
712 1415 824 1474 quoque
847 1400 986 1458 honorem

115 1501 246 1572 Populus
264 1499 413 1556 mandaret
428 1499 608 1577 :loreetique
623 1498 745 1572 primum
766 1498 902 1557 Valerius
931 1498 985 1556 ro·

114 1599 186 1658 titus
219 1603 251 1654 et
281 1597 425 1656 Aemilius
451 1597 626 1667 Mamercus,
660 1599 777 1656 LXlll.
812 1615 891 1657 anno
921 1603 986 1671 post

116 1695 297 1771 Tarquinios
324 1702 453 1766 exactos,
485 1702 517 1753 ut
544 1715 606 1754 rem
632 1697 787 1756 militarem
814 1697 986 1756 comitaren-

114 1803 169 1854 tur.
232 1796 321 1864 Dein,
351 1796 541 1870 gliscentibus
568 1797 702 1871 negotiis,
730 1799 788 1854 duo
815 1798 916 1865 additi,
938 1797 987 1872 qui

113 1897 228 1955 Romae
242 1900 386 1979 curarent.
430 1895 503 1952 Mox
523 1895 687 1969 duplicatus
711 1913 855 1962 numerus,
878 1898 986 1970 stipen-

112 1995 197 2054 diare
207 1993 267 2052 iam
282 1995 377 2061 ltalia,
392 1999 423 2052 et
436 1995 644 2054 accedentibus
658 1995 873 2068 provinciarum
895 1995 987 2052 vecti·

112 2094 239 2170 gutibus.
282 2095 362 2159 Post,
383 2095 449 2168 lege
473 2096 585 2168 Syllae,
605 2095 713 2168 viginti
737 2094 829 2152 creati
851 2095 986 2166 supplen-

114 2195 156 2252 do
184 2193 316 2259 Senatui,
341 2193 389 2250 cui
413 2193 522 2251 iudicia
553 2194 720 2251 tradiderat.
751 2198 790 2258 ct,
814 2207 987 2265 quamquam

110 2293 239 2367 liquites
266 2291 374 2350 iudicia
402 2293 663 2365 recuperavissent,
689 2293 851 2364 Quaestum
879 2295 987 2360 tamen,

115 2409 155 2450 ex
189 2391 333 2466 dignitate
361 2393 591 2458 candidatorum,
619 2397 668 2450 aut
695 2390 839 2448 facilitate
861 2383 1006 2448 tribuens

116 2491 200 2556 tium,
220 2491 346 2565 gratuito
367 2493 593 2560 concedebatur,
615 2491 709 2548 donec
727 2489 875 2548 sententia
899 2489 988 2548 Dola·

117 2591 215 2648 bellae
227 2593 308 2647 velut
324 2593 544 2648 venundaretur.

159 2687 199 2744 A.
222 2686 357 2752 Vitellio,
378 2687 411 2744 L.
434 2685 582 2759 Vipstano
606 2703 684 2742 coss.
706 2702 772 2742 cum
797 2686 834 2742 de
854 2681 1042 2760 suppleo-23

115 2785 158 2843 do
189 2787 300 2843 Senatu
331 2775 498 2860 agitaretur,
533 2785 726 2861 primoresque
758 2785 886 2854 Galliae,
913 2803 987 2860 quac

115 2885 237 2942 Cornuto
261 2885 431 2959 adpellatur,
455 2885 571 2942 loedere
598 2890 628 2942 et
649 2885 800 2944 civitatem
826 2884 988 2946 Romanam

117 2985 231 3060 pridem
246 2985 386 3051 adsecuti,
410 2985 454 3042 ius
477 2984 729 3058 adipiscendorum
752 2987 782 3044 in
805 2990 878 3044 urbe
900 2988 988 3044 hoco·

116 3102 182 3142 rum
202 3089 383 3156 expeterent,
411 3087 524 3151 multus,
546 3102 581 3141 ea
605 3103 690 3158 super
711 3103 751 3152 re,
772 3087 925 3161 variusque
946 3101 989 3142 ru·

118 3201 191 3244 mor.
232 3184 272 3240 at
296 3183 398 3240 studiis
421 3183 545 3241 diversis
567 3185 643 3258 apud
668 3184 835 3258 Principem
860 3185 989 3242 certaba-

118 3289 175 3350 tur,
199 3284 444 3350 adseverantium,
472 3290 550 3340 ‘non
576 3286 651 3341 adeo
674 3303 790 3360 aegram
817 3284 933 3340 ltaliam
957 3288 989 3338 ut

6 3463 7 3466 Ἴ
117 3384 284 3441 ‘Senatum
304 3383 488 3454 suppeditare
503 3383 565 3440 urbi
589 3401 658 3440 suae
680 3384 819 3456 nequiret.
840 3380 988 3436 suffecisse

124 3484 217 3543 “olim
231 3482 384 3557 indigenas
395 3482 620 3556 consanguineis
634 3480 756 3556 populis,
770 3494 826 3536 nea
840 3477 997 3550 poenitere.

192 3674 212 3706 Ι
