2186 3850
124 181 286 274 abac
346 207 511 257 narrar.
562 161 718 256 coralli.
742 181 800 252 rd.
928 183 1000 256 361

124 369 276 432 scelernm
289 363 376 427 lama.
417 361 508 432 Nau„
534 364 566 426 nl
579 359 730 434 proximus
744 359 865 436 qunque
889 359 1004 422 Britan·

126 467 202 529 nico
222 481 317 540 neque
331 462 375 522 lna
395 477 490 534 neque
506 459 592 521 iidem
612 459 928 532 penaihaberet,01im
941 477 1005 533 pro·

126 566 230 629 visum
243 567 314 624 erat.
357 560 487 622 Primum
499 575 646 619 venenum
666 561 704 618 ab
717 558 788 632 ipsis
802 559 1005 620 educatoribus

127 663 259 738 aceepit,
284 659 512 733 transmisitque,
535 661 669 719 exsoluta
702 660 905 734 sindpertus
934 658 1006 718 vali-

125 765 211 828 dum,
225 761 291 820 sive
306 765 567 831 temperamentum
582 758 684 826 inerat,
697 775 736 816 ne
756 757 854 823 statiua
868 759 1005 816 saeviret.

131 863 197 922 Sed
214 861 302 927 Nero,
316 857 390 916 lenti
405 857 526 914 sceleris
540 855 697 929 inpatiens,
719 857 847 918 minitari
862 857 1006 926 Tribuno,

129 961 235 1026 iubere
257 956 449 1031 ‘supplicium
475 955 638 1024 veneticae,
662 957 840 1028 quoddam
864 973 1008 1016 rumorem

131 1055 323 1131 ‘respiciunt¹
356 1056 425 1116 dum
461 1059 565 1127 parant
596 1054 790 1126 defensionen,
821 1056 1008 1116 securitatem

129 1154 352 1218 ‘morarentur'
402 1153 644 1220 Promittantibus
668 1153 738 1217 dein
758 1161 841 1212 ‘tam
867 1153 1008 1228 praecipi·

130 1263 216 1320 ‘lem
248 1271 363 1322 necem,
383 1270 469 1328 qrram
492 1253 518 1310 si
542 1253 617 1312 terro
643 1252 810 1328 urgeretur‚’
839 1253 1008 1314 cubiculum

129 1355 269 1418 Caesaris
282 1354 372 1422 iuxta,
386 1351 556 1426 decoquitur
570 1351 659 1419 virus,
669 1350 796 1426 cognitis
814 1359 902 1412 antea
919 1371 1009 1414 vane·

77 1459 88 1476 ‘
131 1455 182 1516 nis
207 1453 348 1527 rapidum.
401 1449 469 1510 Mon
501 1451 672 1519 habebatur,
705 1451 875 1526 Principum
902 1453 1008 1512 liberos
1022 1459 1060 1518 16

132 1571 202 1616 cunr
224 1551 331 1616 ceteris
345 1549 426 1608 idern
451 1549 558 1608 aetatis
586 1551 731 1610 nobilibus
755 1555 890 1612 sedentes
915 1552 1009 1622 vesci,

94 1713 100 1724 x
131 1652 167 1715 in
181 1652 321 1724 adspectu
332 1647 565 1723 propinquorum,
579 1650 694 1724 propria
707 1656 739 1708 et
752 1653 882 1724 parciore
896 1669 1009 1710 mensa.

133 1751 204 1815 illic
230 1751 367 1822 epulante
383 1748 566 1812 Britannico,
584 1748 652 1824 quia
675 1749 758 1808 cibos
783 1757 923 1825 potusque
946 1751 1010 1808 eiua

132 1852 269 1913 delectus
282 1865 321 1904 ex
342 1845 483 1906 ministris
503 1852 590 1921 gustu
604 1849 783 1920 explorabat,
799 1867 836 1906 ne
862 1849 1011 1908 omittere·

134 1953 183 2011 tur
197 1947 372 2013 institutum,
384 1951 435 2004 aut
448 1945 594 2020 utriunque
614 1951 705 2004 morte
720 1947 888 2018 proderetur
902 1950 1010 2016 scelus,

133 2047 204 2109 tatis
219 2047 303 2104 dolas
323 2051 453 2118 repertos
476 2049 530 2102 est.
573 2043 701 2104 Iunonia
724 2045 870 2102 adhucne
893 2062 1010 2116 praeca·

134 2146 197 2206 lida
211 2149 242 2202 el
256 2144 346 2210 libata
360 2149 444 2217 gustu
465 2143 546 2216 potin
569 2143 691 2202 traditur
715 2141 903 2202 Britannico:
930 2143 1011 2214 dein,

135 2250 289 2320 postquam
301 2242 414 2300 lor-nore
423 2242 659 2314 adsperpabatur,
669 2241 773 2316 lrigida
787 2242 818 2300 iu
827 2259 901 2316 aqua
911 2242 1011 2300 adluu-

134 2343 214 2404 ditur
224 2342 462 2416 emendandae
478 2341 519 2398 ita
528 2345 651 2399 cunctos
666 2339 728 2399 eius
741 2348 819 2400 artus
828 2333 966 2414 pervasit,
980 2345 1013 2402 ul

135 2458 199 2500 vox
211 2437 317 2512 pariter
325 2442 356 2496 et
364 2439 482 2510 spiritus
491 2446 666 2514 raperentur.
680 2440 882 2515 Trepidaturu
890 2441 1013 2501 circum·

134 2538 317 2606 sedentibus,
339 2537 493 2612 diffugiunt
517 2538 713 2612 inprudentes.
750 2543 802 2606 At,
815 2539 1013 2613 quibuaaltinr

136 2637 318 2702 intellectus,
346 2636 482 2696 resistunt
508 2636 830 2705 debriationem
855 2639 1013 2700 intuentes.
1054 2643 1059 2722 l

136 2736 206 2802 llle,
225 2740 258 2792 ut
285 2739 348 2802 erat
362 2735 491 2801 reclinis,
512 2741 542 2792 et
557 2735 658 2794 nescio
671 2735 786 2804 similia,
801 2747 809 2770 ³
823 2738 940 2816 solitum
954 2738 1013 2809 ita,’

137 2835 211 2902 ‘ait‚
226 2854 277 2910 per
289 2835 468 2894 comitialem
478 2837 618 2902 morbum,
632 2853 689 2911 quo
702 2836 826 2909 primum
839 2841 876 2896 ab
890 2839 1015 2900 inlantia

138 2935 361 2994 ‘adflictaretur
374 2933 572 3000 Britannicus,
596 2938 626 2991 et
647 2934 790 2994 redituros
804 2939 955 3012 paullatim
972 2938 1014 2998 vi·

136 3037 223 3102 ‘sun¹
234 3029 412 3112 sensusque)
453 3033 496 3092 at
522 3032 702 3107 Agrippinae
719 3035 744 3092 is
760 3051 871 3108 pavor,
884 3054 920 3096 ea
941 3053 1011 3096 con·

139 3131 282 3191 stercatio
295 3131 410 3200 mentia,
424 3131 558 3207 quamvis
584 3133 666 3190 nullu
681 3137 866 3205 premeretur,
881 3133 1014 3215 emicuit,

143 3239 186 3298 ut,
214 3229 335 3302 perinde
359 3230 491 3306 ignaram
514 3230 602 3289 luisse
629 3248 665 3288 ac
692 3248 818 3289 sororem
846 3231 1014 3292 Britannici

140 3330 309 3400 Octaviani,
332 3328 507 3401 constiterit.
527 3329 633 3405 quippe
660 3329 907 3408 eibi—supremum
933 3329 1014 3390 auxi·

180 3445 250 3490 von.
271 3446 293 3488 ι.
580 3430 615 3484 31
