2166 3834
104 237 226 284 nem
327 236 399 282 um.
416 233 453 280 ιι.
504 233 582 279 cnr.
601 209 767 280 ltu-85.
899 213 965 280 121

105 389 179 447 Cum
189 393 363 448 censeretur
375 391 496 462 clypeus
511 405 579 444 auro
589 395 619 444 et
630 383 971 460 magnitudiueiusignls,

102 487 182 545 inter
212 495 346 546 auctores
379 487 571 562 eloquentiae,
606 485 793 542 adseveravit
825 483 972 551 Tiberius,

104 587 242 644 ‘solitum
256 603 413 659 paremque
425 591 561 643 ‘ceterum
585 585 755 642 dicaturum.
781 599 874 654 neque
894 582 973 640 enim

105 685 324 758 ‘eloquentiam
347 685 462 741 fortuna
488 683 631 741 discerni:
653 689 683 740 et
703 684 774 740 satis
796 681 926 748 inlustre,
948 681 974 738 sl

105 788 241 840 ‘veteres
254 784 333 840 inter
347 784 501 856 scriptores
524 779 695 840 baberetur?
736 781 880 854 Equester
903 779 974 836 ordo

105 899 218 938 canem
230 879 395 938 Gcmscnici
408 882 578 953 adpellavit,
586 880 635 954 qui
648 877 795 937 laninam
807 880 973 948 dicebatur;

106 981 298 1054 instituitque,
316 981 359 1038 uti
379 987 495 1037 turmae¹
513 980 613 1037 ldibus
636 979 717 1036 luliis
741 979 898 1052 imaginem
912 977 974 1035 cius

106 1087 302 1154 sequerentur.
342 1083 478 1152 pleraque
523 1085 659 1136 manent:
692 1079 832 1152 quaedam
876 1078 974 1134 statim

106 1180 211 1236 omissa
242 1184 320 1244 sunt,
353 1183 402 1234 aut
436 1183 565 1234 vetustas
597 1177 787 1234 oblitteravit.
829 1177 1027 1256 Getarumild

107 1276 219 1334 receuti
245 1277 342 1332 adbuc
370 1276 526 1343 moestitia,
553 1291 633 1332 soror
666 1275 845 1341 Germanici,
877 1275 975 1343 Livia,

107 1384 195 1449 nupta
211 1378 309 1432 Druso
322 1376 393 1432 duos
409 1374 502 1430 virilis
516 1381 602 1430 sexus
616 1374 700 1430 simul
715 1373 805 1430 enixa
816 1379 869 1431 est.
890 1375 975 1448 quod,

107 1493 202 1532 rerum
227 1477 392 1546 laetumque
421 1472 511 1541 etiam
539 1472 660 1529 modieis
693 1472 860 1540 Penatibus,
892 1478 975 1531 tanto

106 1573 215 1646 gaudio
249 1571 417 1643 Principem
451 1569 569 1636 nateetr,
597 1577 629 1626 ut
665 1587 723 1628 nou
758 1571 975 1644 temperaverit,

105 1671 173 1744 quin
189 1670 313 1726 iactaret
340 1670 416 1740 apud
439 1669 551 1732 Patres,
572 1669 663 1724 ‘nulli
686 1676 755 1726 ante
777 1671 975 1728 Romanorum

106 1769 261 1826 ‘eiusdem
297 1767 404 1839 lastigii
428 1767 492 1822 viro
515 1766 660 1838 geminam
692 1761 813 1841 stirpem
846 1766 976 1826 editam!
1031 1769 1035 1778 '

105 1885 176 1926 uam
191 1873 306 1930 cuncta,
317 1865 405 1920 etiam
419 1865 544 1930 fortuita,
552 1865 588 1920 ad
600 1866 719 1937 gloriam
732 1867 872 1924 vertebat.
915 1868 975 1924 Sed

107 1968 226 2040 populo,
250 1964 354 2022 taliin
380 1971 518 2033 tempore,
546 1963 576 2018 id
600 1981 712 2037 quoque
735 1965 864 2022 dolorem
891 1965 978 2035 tulit;

100 2061 255 2136 'tamquam
269 2069 370 2119 auctus
383 2061 481 2118 liberis
493 2061 602 2118 Drusus
611 2063 727 2120 domum
738 2063 908 2120 Germanici
919 2079 978 2120 ma·

107 2163 154 2238 gis
170 2153 293 2235 urgeret.

147 2261 261 2318 Eodem
275 2276 353 2318 auao
366 2260 501 2334 gravibus
516 2263 641 2320 Senatus
654 2261 780 2319 decretis
794 2260 886 2317 libido
894 2259 976 2317 temi·
989 2259 1029 2318 85

106 2375 210 2416 nurum
236 2353 374 2424 coercita,
398 2365 579 2434 cautumque,
603 2365 660 2417 ‘ne
680 2367 830 2434 quaestum
857 2375 977 2432 corpore

105 2458 248 2522 ‘taceret
261 2459 310 2514 cui
321 2475 408 2524 uuus,
417 2464 467 2530 aut
480 2463 571 2530 pater,
585 2465 634 2514 aut
645 2459 764 2515 maritus
779 2458 875 2531 Eques
891 2458 975 2517 Rom.

107 2554 249 2612 ‘luisset’
278 2573 346 2612 uam
381 2555 513 2623 Vistilia,
545 2557 689 2629 praetoria
721 2557 831 2614 familia
865 2559 975 2633 genita,

106 2653 258 2712 licentiam
273 2653 363 2726 stupri
377 2655 452 2726 apud
469 2654 591 2712 Aediles
602 2657 790 2727 vulgaverat3
806 2673 884 2714 more
898 2661 975 2718 iuter

108 2759 223 2810 ueteres
239 2759 366 2824 recepto,
380 2752 429 2826 qui
443 2751 514 2808 satis
538 2769 694 2823 poenarum
717 2757 870 2814 adversum
880 2759 974 2833 impu·

107 2852 187 2908 dicas
203 2852 234 2908 iu
249 2852 312 2923 ipsa
327 2851 504 2924 professione
524 2851 626 2922 flagitii
647 2855 812 2912 credebant.
836 2865 975 2915 exactum

108 2955 137 3006 et
151 2967 168 3006 c
183 2949 304 3006 Titidio
317 2951 465 3014 Labeone,
479 2948 618 3005 Vistiliae
633 2950 744 3018 marito,
755 2958 764 2984 ⁶
774 2969 826 3009 cur
839 2955 869 3010 iu
884 2973 974 3012 uxore

108 3047 404 3106 ‘delicti-manifesta
427 3047 570 3103 ultionem
595 3047 667 3120 legis
691 3048 869 3108 omisisseti’
888 3059 974 3126 atque

104 3145 159 3202 illo
173 3146 394 3218 praetendente,
421 3143 593 3216 ‘sexaginta
606 3143 669 3201 dies
694 3147 729 3202 ad
752 3151 974 3208 consultandum

105 3245 224 3308 ‘datos,
247 3243 370 3298 necdum
395 3239 582 3316 praeterisse?
595 3244 666 3299 satie
688 3243 782 3300 visum
796 3246 832 3299 de
853 3244 989 3298 Vistilia

104 3347 256 3398 statuere:
286 3355 376 3414 eaque
400 3341 431 3397 iu
458 3341 583 3396 insulam
618 3341 762 3423 Seriphon
792 3337 891 3392 abditu
920 3339 974 3388 est.

105 3439 219 3500 Actum
234 3446 266 3496 et
278 3440 317 3496 de
333 3438 424 3498 sacris
437 3437 598 3514 Aegyptiis
619 3435 803 3505 Iudaicisque
818 3427 975 3500 pellendis:

141 3555 216 3596 von.
239 3555 260 3594 1.
548 3535 580 3586 ll
