2134 3826
112 203 170 252 no.
186 208 217 252 re.
321 204 393 254 urs.
420 203 457 252 11.
508 202 587 250 cnr.
615 177 780 248 itt-21.
915 171 959 248 81

113 355 222 416 adstitit:
242 358 370 434 equitem
391 355 558 432 propinquis
581 355 654 414 lucis
673 361 784 422 texere,
803 358 835 412 ut
855 351 963 429 ingres·

116 455 261 515 rissitvnm
283 458 450 533 legionibus
474 473 491 514 n
514 463 596 531 tergo
618 456 704 512 toret.
746 454 830 512 Nibii
851 472 889 512 ex
916 453 1015 516 hisco

113 553 216 612 deeemi
244 557 450 632 incognitum:
471 555 605 622 consilia,
626 557 716 620 locor,
744 558 886 628 prompte,
915 569 964 612 oc·

112 655 176 710 cuttu
189 663 316 724 noverat,
337 643 473 732 notusque
495 655 622 714 bostium
644 655 676 712 in
703 652 865 728 perniciem
891 652 963 725 ipsis

113 755 234 811 vertebat.
262 762 265 768 '
289 755 364 813 Seio
393 755 545 813 Tuberoni
573 735 687 827 Leg'oto
721 753 809 810 trudit
835 753 964 824 equitem

112 865 300 929 mmpumque3
320 855 452 929 peditum
476 854 583 912 aciem
598 853 641 910 ito
667 853 815 919 instruxit,
840 858 871 910 ut
899 868 964 926 pars

112 963 189 1023 nequo
200 951 350 1012 in‘sitvnm
365 955 445 1011 editu
464 953 624 1020 incederet,
639 969 703 1026 pars
716 952 865 1010 obiectum
879 967 964 1025 egge·

112 1041 161 1104 rem
181 1051 357 1110 eniteretur:
378 1055 455 1128 quod
488 1053 619 1123 qdonm,
639 1052 706 1116 sibi,
725 1055 823 1108 cetero
843 1049 964 1124 Legatis

112 1149 230 1224 permisit.
250 1152 355 1226 quibus
379 1153 467 1224 piene
499 1157 671 1216 evenerant,
697 1149 783 1206 incito
811 1149 990 1222 inruperer·

108 1245 159 1318 quis
177 1248 386 1324 impugnandus
400 1267 496 1324 agger,
524 1257 554 1307 nt
583 1249 609 1306 si
635 1265 746 1306 murum
760 1249 963 1316 succederent,

109 1346 227 1417 gravibus
237 1368 363 1468 snwne
376 1349 484 1407 ictibus
498 1347 747 1412 conflictabantur.
790 1346 890 1406 Sensit
902 1349 962 1406 dux

109 1441 224 1516 inparem
236 1467 370 1506 eominus
395 1465 530 1524 pugnarn,
544 1447 717 1522 remotisque
733 1449 859 1521 paullum
875 1447 963 1522 tegio·

109 1541 189 1611 nibus,
202 1546 361 1606 funditores
389 1548 595 1622 iibrntoresque
615 1552 753 1604 excutere
775 1549 833 1604 telo
847 1551 877 1604 et
902 1564 964 1620 pro·

110 1643 209 1702 turbare
236 1648 351 1705 bostem
375 1647 465 1724 iubet
494 1647 599 1706 misene
626 1664 643 1702 e
674 1646 824 1704 tormentis
851 1647 963 1715 bertae,

109 1749 255 1821 quantoque
270 1746 424 1820 conspicui
438 1745 529 1820 megin
545 1751 778 1819 propugnatores,
786 1751 868 1804 tento
880 1743 963 1818 piuri-

109 1838 152 1921 δ’
172 1845 337 1902 vulneribus
360 1826 479 1902 deiedi.
521 1845 634 1902 Primus
655 1845 765 1903 Cnessr
790 1861 858 1902 oum
884 1859 964 1917 prue-

109 1940 179 1998 toriis
196 1945 373 2010 cohortibus,
387 1949 475 2018 cepto
495 1946 584 2010 vetio,
602 1945 683 2002 dedit
697 1944 837 2014 impetum
860 1943 891 2000 in
906 1945 966 2016 syt-

108 2053 173 2096 vns:
192 2047 311 2100 conisto
324 2043 387 2101 itiic
411 2044 501 2116 gradu
528 2047 678 2102 certaturn.
700 2044 814 2100 bostem
838 2059 855 2098 c
883 2049 965 2114 tergo

107 2140 187 2209 prins,
214 2144 365 2202 Romanor
397 2143 503 2202 flumen
544 2149 594 2201 ont
625 2149 740 2202 montes
772 2144 963 2203 claudebant:

108 2237 220 2315 utrisque
235 2243 395 2303 necessitas
411 2243 440 2299 in
455 2245 530 2304 ioco,
544 2261 610 2313 spes
638 2243 670 2299 in
686 2241 803 2306 virtute,
827 2243 905 2296 entus
926 2257 965 2296 ex

107 2335 228 2398 victorio.
271 2344 337 2400 Nec
352 2343 447 2400 minor
470 2342 627 2398 Germanis
642 2339 773 2408 animun
793 2340 843 2396 sed
858 2357 964 2413 genere
976 2351 1014 2410 21

89 2421 210 2510 ‘pugnae
223 2446 256 2499 et
276 2457 419 2499 armorum
433 2443 661 2514 superabuntur:
681 2455 748 2496 curn
770 2437 874 2512 ingens
896 2440 967 2495 mul·

107 2533 187 2594 titudo
200 2541 269 2598 ortis
283 2541 356 2598 iocis
378 2543 549 2614 praelongos
574 2540 671 2596 hastos
697 2557 755 2596 non
771 2540 965 2612 protenderet,

106 2649 157 2691 noo
170 2640 329 2712 bottigeret,
343 2657 436 2713 neque
461 2639 621 2696 ednuttibus
642 2643 673 2695 et
689 2637 847 2696 velocitate
866 2655 965 2710 corpo·

108 2748 161 2792 rum
186 2745 322 2806 uteretur,
348 2743 455 2796 concta
485 2737 590 2796 stebiie
619 2739 655 2794 nd
684 2738 842 2812 proelium:
863 2743 966 2799 contro

107 2833 189 2902 miter,
215 2839 264 2896 cni
288 2843 400 2896 scutum
429 2840 540 2912 pectori
567 2839 743 2910 adpressum,
770 2844 801 2896 et
834 2837 966 2896 insidens

108 2939 201 3006 reputo
215 2955 327 3006 roanos,
339 2939 413 2994 latos
438 2939 621 2994 barbarorum
636 2943 723 3004 ortus,
737 2939 813 2994 nudo
827 2955 878 2994 orn
889 2937 968 2992 tone·

107 3039 152 3100 ret,
166 3035 300 3111 viamque
314 3043 409 3110 strage
422 3036 549 3094 hostium
564 3036 707 3108 operiretr
727 3036 892 3108 inprompto
907 3037 965 3092 inor

107 3130 244 3204 Arminio,
267 3137 305 3192 ob
328 3135 468 3192 continue
502 3133 639 3208 periculo,
666 3135 731 3194 sive
755 3133 838 3192 ilium
862 3149 966 3191 recens

107 3240 251 3308 acceptum
267 3237 372 3292 vuinus
384 3235 559 3291 tardaverat.
601 3234 680 3306 Quin
695 3239 725 3289 et
741 3231 967 3304 Inguiomerum,

130 3405 303 3478 §imbrequel
335 3359 400 3477 snit,
416 3405 455 3466 qui
471 3404 588 3452 tormentis
602 3399 824 3468 bmteseotinpides
841 3389 968 3441 excutiunt:

106 3475 152 3534 ture
160 3467 245 3518 librent
254 3465 348 3529 scincet,
355 3470 380 3515 et
388 3471 460 3516 rectus
468 3467 518 3512 orte
527 3461 665 3529 expendunt.
