2186 3850
104 199 178 270 310
438 215 623 264 mmmm
822 220 851 266 r.
867 218 897 268 v.
915 219 975 269 coe

102 371 170 450 quia
190 371 308 432 Seneca
330 370 404 430 idus
426 369 459 430 in
482 369 683 446 Agrippinam,
705 371 844 430 memoria
859 358 975 431 ben'eti-

102 471 152 543 att,
172 477 203 530 et
229 471 358 530 Menam
386 469 519 538 Claudio,
545 471 645 530 dolore
672 469 807 539 iniuriae,
833 471 974 530 credeba-

71 555 157 631 9tur.
199 569 344 629 Placitum
363 568 481 636 debinc,
503 587 562 628 uon
582 571 656 628 uttra
679 569 832 628 cunctari:
853 571 903 628 sed
922 571 974 628 de·

101 669 247 744 signatum
275 669 442 737 Consulem,
471 667 642 727 Memmium
669 669 845 738 Pollionem,
871 669 972 744 iugen-

101 767 180 826 tibur
193 765 339 842 promissis
353 767 503 835 inducunt,
523 767 700 826 sententiam
723 785 895 842 expromere
916 786 974 845 qua

101 871 231 926 oraretur
264 865 413 934 Claudius,
453 863 616 942 despondere
656 865 803 924 Octauiam
836 866 972 926 Daordio.

101 967 178 1042 quod
192 965 282 1024 aetati
303 965 449 1040 utriusque
472 983 532 1024 non
555 967 717 1037 absurdum,
738 971 768 1023 et
789 967 901 1024 maiora
923 985 972 1040 pa·

101 1065 272 1124 tetacturum
295 1069 367 1122 erat.
408 1063 504 1122 Pottio
528 1065 606 1122 haud
626 1064 788 1137 disparibus
803 1066 913 1134 verbis,
934 1083 971 1126 ac

101 1183 194 1239 nuper
221 1163 371 1232 Vitellius,
398 1167 515 1222 censet:
552 1165 804 1239 despondeturque
832 1165 970 1234 Octavia,

101 1281 148 1332 aa,
162 1281 249 1338 super
266 1263 390 1337 priorem
400 1262 655 1329 necessitudinem,
677 1281 798 1337 sponsus
810 1262 871 1322 ism
885 1270 971 1339 etge·
1069 1297 1070 1326 t

100 1381 153 1422 uer
168 1362 324 1432 Domitius,
338 1361 455 1438 aequari
469 1361 650 1428 Britannico,
662 1361 765 1420 studiis
780 1363 891 1434 matris,
906 1369 968 1422 arte
1069 1385 1070 1426 1

100 1477 209 1528 eorum,
235 1462 316 1538 quis,
335 1463 373 1520 ob
399 1465 566 1522 accuratam
594 1460 807 1532 Massattiuam,
829 1462 905 1521 ultio
931 1481 971 1522 ex

100 1560 161 1618 uuo
172 1559 336 1618 timebatur.

50 1653 90 1714 10
141 1657 288 1716 Paridem
303 1663 416 1732 tempus
426 1657 517 1734 legati
530 1659 701 1718 Parthorum
711 1660 748 1718 ad
759 1661 971 1733 expetendum,
1069 1677 1070 1684 ¹

98 1759 132 1816 ut
151 1757 246 1825 retati,
267 1757 460 1816 Meherdaten
481 1757 571 1827 misai,
598 1759 740 1816 Senatum
759 1759 971 1834 ingrediuntur,

99 1857 292 1932 mandataque
319 1856 351 1916 ia
378 1857 457 1916 buna
484 1859 601 1916 modum
627 1857 790 1932 incipiunt:
823 1859 916 1917 ‘Nou
936 1875 969 1916 ss

100 1956 242 2016 ‘foederis
261 1956 385 2032 ignaros,
408 1973 465 2014 nec
489 1957 655 2014 detectione
680 1974 698 2014 a
720 1957 833 2014 familia
852 1957 972 2017 Arsaci·
1069 1965 1070 1968 ’

99 2058 219 2130 ‘darum
233 2055 353 2126 venire3
380 2055 431 2112 sed
451 2055 542 2113 titium
556 2055 701 2123 Vononia,
721 2061 861 2130 nepotem
882 2057 972 2114 Pbra·

100 2156 203 2225 ‘batia
229 2157 371 2214 accedere
398 2155 537 2212 adversus
564 2154 970 2226 dominationemGotarris,

100 2255 266 2312 ‘nobititati
275 2254 411 2328 plebique
421 2252 505 2312 iuxta
518 2252 739 2315 intolerandam.
780 2255 972 2324 lamfratrea,
1069 2321 1070 2334 χ

100 2353 179 2412 ‘iam
192 2351 444 2428 propinquantem
464 2349 578 2424 lougius
598 2349 679 2418 sitos,
691 2350 831 2430 caedibus
845 2352 973 2410 exhaus-
1069 2361 1070 2404 ἢ

99 2457 184 2512 ‘tosz
207 2451 298 2510 adiici
311 2449 451 2525 coniuges
470 2449 616 2524 gravidas,
635 2450 741 2508 liberos
762 2467 879 2524 parvos,
899 2453 971 2510 dum

98 2559 219 2611 ‘socors
245 2551 335 2618 domi,
365 2547 449 2607 bettio
482 2547 631 2616 infaustus,
665 2549 815 2624 ignaviam
841 2551 971 2608 saevitia

99 2655 208 2726 ‘tegat
248 2650 391 2707 Veterem
404 2647 460 2706 ribi
479 2665 514 2704 ac
535 2648 650 2721 publice
664 2653 799 2722 coeptam
814 2650 970 2708 nobiscum

98 2749 291 2808 ‘amicitiam
313 2753 344 2808 et
357 2748 589 2807 subveniendum
602 2749 698 2816 sociis,
714 2745 822 2806 virium
834 2752 969 2820 aemulis,
1069 2811 1070 2816 ,

97 2847 341 2922 ‘cedentibusque
368 2867 421 2922 per
440 2848 644 2906 reverentiam.
686 2849 759 2906 ideo
782 2850 896 2924 Regum
919 2855 970 2910 ob·
1069 2925 1070 2934 ἵ

97 2947 194 3004 ‘sides
214 2945 320 3003 liberos
340 2947 412 3012 dari,
432 2953 473 3016 ut,
494 2948 518 3005 si
532 2947 687 3006 domestici
706 2948 821 3022 imperii
840 2953 970 3019 taedeat,
1069 2973 1070 2976 ¹

96 3047 142 3116 ‘si
156 3063 301 3119 regressus
315 3047 352 3102 ad
373 3045 540 3119 Principem
562 3048 729 3123 Patraeque,
749 3065 868 3122 quorum
883 3051 969 3108 mori·

45 3145 82 3201 11
97 3149 105 3176 ‘
120 3145 171 3199 bus
198 3143 380 3198 adsuefactus
408 3143 475 3200 Rex
502 3147 606 3203 metior
632 3146 863 3204 adscisceretur?
904 3149 969 3206 Vbi

94 3241 169 3297 baec
183 3245 268 3312 atque
282 3238 351 3294 tatia
371 3239 574 3309 dissertavere,
595 3244 700 3316 incipit
713 3245 875 3304 orationem
891 3247 968 3306 Cae·

94 3351 142 3390 sar
160 3337 213 3392 ‘de
234 3333 349 3405 fastigio
373 3335 515 3403 Romano,
542 3340 770 3418 Parthorumque
790 3345 939 3418 obsequiis
951 3345 968 3403 ι’

92 3445 181 3488 renue
202 3435 241 3497 D.
257 3433 391 3505 Augusto
413 3435 603 3511 adaequabat,
619 3441 738 3517 petitum
757 3443 794 3504 od
814 3462 846 3515 eq
858 3446 969 3525 Βιςαη
1069 3517 1070 3526 ¹
