<?xml version="1.0" encoding="UTF-8"?>
<!DOCTYPE html PUBLIC "-//W3C//DTD XHTML 1.0 Transitional//EN"
    "http://www.w3.org/TR/xhtml1/DTD/xhtml1-transitional.dtd">
<html xmlns="http://www.w3.org/1999/xhtml" xml:lang="en" lang="en">
 <head>
  <title>
</title>
<meta http-equiv="Content-Type" content="text/html;charset=utf-8" />
  <meta name='ocr-system' content='tesseract 3.04.00' />
  <meta name='ocr-capabilities' content='ocr_page ocr_carea ocr_par ocr_line ocrx_word'/>
</head>
<body>
  <div class='ocr_page' id='page_1' title='image "./operaexrecensio01tacigoog_0061.png"; bbox 0 0 2134 3826; ppageno 0'>
   <div class='ocr_carea' id='block_1_1' title="bbox 90 211 960 288">
    <p class='ocr_par' dir='ltr' id='par_1_1' title="bbox 90 211 960 288">
     <span class='ocr_line' id='line_1_1' title="bbox 90 211 960 288; baseline 0.013 -10"><span class='ocrx_word' id='word_1_1' title='bbox 90 211 135 278; x_wconf 89' lang='grc'><strong>18</strong></span> <span class='ocrx_word' id='word_1_2' title='bbox 399 233 584 282; x_wconf 74' lang='lat' dir='ltr'><strong>sonantum</strong></span> <span class='ocrx_word' id='word_1_3' title='bbox 809 238 842 285; x_wconf 79' lang='lat' dir='ltr'><strong>a.</strong></span> <span class='ocrx_word' id='word_1_4' title='bbox 858 237 888 286; x_wconf 90' lang='lat' dir='ltr'><strong>v.</strong></span> <span class='ocrx_word' id='word_1_5' title='bbox 906 243 960 288; x_wconf 83' lang='lat' dir='ltr'><strong>ror.</strong></span> 
     </span>
    </p>
   </div>
   <div class='ocr_carea' id='block_1_2' title="bbox 81 385 960 1863">
    <p class='ocr_par' dir='ltr' id='par_1_2' title="bbox 81 385 960 1863">
     <span class='ocr_line' id='line_1_2' title="bbox 85 385 960 463; baseline 0.009 -21"><span class='ocrx_word' id='word_1_6' title='bbox 85 392 158 443; x_wconf 85' lang='lat' dir='ltr'><strong>‘cae</strong></span> <span class='ocrx_word' id='word_1_7' title='bbox 172 385 305 446; x_wconf 87' lang='lat' dir='ltr'><strong>mandari</strong></span> <span class='ocrx_word' id='word_1_8' title='bbox 319 385 373 446; x_wconf 92' lang='lat' dir='ltr'><strong>tibi</strong></span> <span class='ocrx_word' id='word_1_9' title='bbox 386 387 481 448; x_wconf 75' lang='lat' dir='ltr'><strong>velis’</strong></span> <span class='ocrx_word' id='word_1_10' title='bbox 522 387 675 446; x_wconf 83' lang='lat' dir='ltr'><strong>Perculsus</strong></span> <span class='ocrx_word' id='word_1_11' title='bbox 696 387 855 463; x_wconf 88' lang='lat' dir='ltr'><strong>improvisa</strong></span> <span class='ocrx_word' id='word_1_12' title='bbox 868 391 960 450; x_wconf 90' lang='lat' dir='ltr'><strong>inter·</strong></span> 
     </span>
     <span class='ocr_line' id='line_1_3' title="bbox 84 473 959 562; baseline 0.01 -20"><span class='ocrx_word' id='word_1_13' title='bbox 84 485 247 560; x_wconf 81' lang='lat' dir='ltr'><strong>rogatione,</strong></span> <span class='ocrx_word' id='word_1_14' title='bbox 277 473 406 560; x_wconf 90' lang='lat' dir='ltr'><strong>paullum</strong></span> <span class='ocrx_word' id='word_1_15' title='bbox 431 487 576 546; x_wconf 88' lang='lat' dir='ltr'><strong>reticuit:·</strong></span> <span class='ocrx_word' id='word_1_16' title='bbox 593 488 673 554; x_wconf 90' lang='lat' dir='ltr'><strong>dein,</strong></span> <span class='ocrx_word' id='word_1_17' title='bbox 697 491 827 548; x_wconf 88' lang='lat' dir='ltr'><strong>collecto</strong></span> <span class='ocrx_word' id='word_1_18' title='bbox 847 492 959 562; x_wconf 83' lang='lat' dir='ltr'><strong>animo,</strong></span> 
     </span>
     <span class='ocr_line' id='line_1_4' title="bbox 84 586 959 666; baseline 0.008 -24"><span class='ocrx_word' id='word_1_19' title='bbox 84 586 252 660; x_wconf 72' lang='lat' dir='ltr'><strong>respondit:</strong></span> <span class='ocrx_word' id='word_1_20' title='bbox 274 587 484 661; x_wconf 77' lang='lat' dir='ltr'>‘Nequaquam</span> <span class='ocrx_word' id='word_1_21' title='bbox 504 587 642 644; x_wconf 88' lang='lat' dir='ltr'><strong>decorum</strong></span> <span class='ocrx_word' id='word_1_22' title='bbox 662 589 762 659; x_wconf 92' lang='lat' dir='ltr'><strong>pudori</strong></span> <span class='ocrx_word' id='word_1_23' title='bbox 783 607 844 654; x_wconf 83' lang='lat' dir='ltr'><strong>suo.</strong></span> <span class='ocrx_word' id='word_1_24' title='bbox 858 592 959 666; x_wconf 78' lang='lat' dir='ltr'><strong>legere</strong></span> 
     </span>
     <span class='ocr_line' id='line_1_5' title="bbox 86 684 959 760; baseline 0.008 -18"><span class='ocrx_word' id='word_1_25' title='bbox 86 686 215 760; x_wconf 88' lang='lat' dir='ltr'><strong>‘aliquid</strong></span> <span class='ocrx_word' id='word_1_26' title='bbox 229 691 278 744; x_wconf 88' lang='lat' dir='ltr'><strong>aut</strong></span> <span class='ocrx_word' id='word_1_27' title='bbox 291 687 404 744; x_wconf 86' lang='lat' dir='ltr'><strong>evitare</strong></span> <span class='ocrx_word' id='word_1_28' title='bbox 418 705 458 744; x_wconf 88' lang='lat' dir='ltr'><strong>ex</strong></span> <span class='ocrx_word' id='word_1_29' title='bbox 470 703 517 755; x_wconf 82' lang='lat' dir='ltr'><strong>eo,</strong></span> <span class='ocrx_word' id='word_1_30' title='bbox 529 684 578 742; x_wconf 90' lang='lat' dir='ltr'><strong>cui</strong></span> <span class='ocrx_word' id='word_1_31' title='bbox 592 686 623 742; x_wconf 90' lang='lat' dir='ltr'><strong>ln</strong></span> <span class='ocrx_word' id='word_1_32' title='bbox 638 687 808 748; x_wconf 86' lang='lat' dir='ltr'><strong>universum</strong></span> <span class='ocrx_word' id='word_1_33' title='bbox 818 690 959 748; x_wconf 83' lang='lat' dir='ltr'><strong>excusari</strong></span> 
     </span>
     <span class='ocr_line' id='line_1_6' title="bbox 83 783 958 864; baseline 0.008 -22"><span class='ocrx_word' id='word_1_34' title='bbox 83 783 221 844; x_wconf 79' lang='lat' dir='ltr'><strong>‘mallet’</strong></span> <span class='ocrx_word' id='word_1_35' title='bbox 262 786 386 844; x_wconf 81' lang='lat' dir='ltr'><strong>Rursum</strong></span> <span class='ocrx_word' id='word_1_36' title='bbox 409 787 528 844; x_wconf 80' lang='lat' dir='ltr'><strong>Gallus:</strong></span> <span class='ocrx_word' id='word_1_37' title='bbox 561 783 686 864; x_wconf 78' lang='lat' dir='ltr'>(etenim</span> <span class='ocrx_word' id='word_1_38' title='bbox 715 790 797 846; x_wconf 85' lang='lat' dir='ltr'><strong>vultu</strong></span> <span class='ocrx_word' id='word_1_39' title='bbox 821 789 958 848; x_wconf 82' lang='lat' dir='ltr'><strong>offensio·</strong></span> 
     </span>
     <span class='ocr_line' id='line_1_7' title="bbox 83 883 957 964; baseline 0.006 -22"><span class='ocrx_word' id='word_1_40' title='bbox 83 902 152 942; x_wconf 92' lang='lat' dir='ltr'><strong>nem</strong></span> <span class='ocrx_word' id='word_1_41' title='bbox 165 883 400 964; x_wconf 83' lang='lat' dir='ltr'><strong>coniectaverat)</strong></span> <span class='ocrx_word' id='word_1_42' title='bbox 420 892 499 944; x_wconf 90' lang='lat' dir='ltr'><strong>‘non</strong></span> <span class='ocrx_word' id='word_1_43' title='bbox 517 885 631 944; x_wconf 88' lang='lat' dir='ltr'><strong>idcirco</strong></span> <span class='ocrx_word' id='word_1_44' title='bbox 653 887 879 964; x_wconf 59' lang='lat' dir='ltr'><strong>interrogatum?</strong></span> <span class='ocrx_word' id='word_1_45' title='bbox 901 889 957 959; x_wconf 84' lang='lat' dir='ltr'><strong>ait,</strong></span> 
     </span>
     <span class='ocr_line' id='line_1_8' title="bbox 83 987 958 1068; baseline 0.005 -25"><span class='ocrx_word' id='word_1_46' title='bbox 83 993 133 1044; x_wconf 86' lang='lat' dir='ltr'><strong>‘ut</strong></span> <span class='ocrx_word' id='word_1_47' title='bbox 155 987 311 1055; x_wconf 81' lang='lat' dir='ltr'><strong>divideret,</strong></span> <span class='ocrx_word' id='word_1_48' title='bbox 333 1005 406 1063; x_wconf 87' lang='lat' dir='ltr'><strong>quae</strong></span> <span class='ocrx_word' id='word_1_49' title='bbox 426 989 554 1061; x_wconf 85' lang='lat' dir='ltr'><strong>separari</strong></span> <span class='ocrx_word' id='word_1_50' title='bbox 574 987 744 1063; x_wconf 84' lang='lat' dir='ltr'><strong>nequirent;</strong></span> <span class='ocrx_word' id='word_1_51' title='bbox 772 992 825 1068; x_wconf 87' lang='lat' dir='ltr'><strong>sed</strong></span> <span class='ocrx_word' id='word_1_52' title='bbox 852 995 883 1046; x_wconf 92' lang='lat' dir='ltr'><strong>ut</strong></span> <span class='ocrx_word' id='word_1_53' title='bbox 902 1006 958 1054; x_wconf 78' lang='lat' dir='ltr'><strong>sua</strong></span> 
     </span>
     <span class='ocr_line' id='line_1_9' title="bbox 83 1087 960 1162; baseline 0.003 -19"><span class='ocrx_word' id='word_1_54' title='bbox 83 1087 284 1144; x_wconf 77' lang='lat' dir='ltr'><strong>‘confessione</strong></span> <span class='ocrx_word' id='word_1_55' title='bbox 297 1095 472 1162; x_wconf 81' lang='lat' dir='ltr'><strong>argueretur,</strong></span> <span class='ocrx_word' id='word_1_56' title='bbox 486 1105 575 1146; x_wconf 91' lang='lat' dir='ltr'><strong>unum</strong></span> <span class='ocrx_word' id='word_1_57' title='bbox 595 1105 659 1144; x_wconf 88' lang='lat' dir='ltr'><strong>esse</strong></span> <span class='ocrx_word' id='word_1_58' title='bbox 673 1087 716 1146; x_wconf 89' lang='lat' dir='ltr'><strong>rei</strong></span> <span class='ocrx_word' id='word_1_59' title='bbox 737 1089 872 1162; x_wconf 84' lang='lat' dir='ltr'><strong>publicae</strong></span> <span class='ocrx_word' id='word_1_60' title='bbox 893 1105 960 1146; x_wconf 86' lang='lat' dir='ltr'><strong>cor·</strong></span> 
     </span>
     <span class='ocr_line' id='line_1_10' title="bbox 82 1185 959 1264; baseline 0 -18"><span class='ocrx_word' id='word_1_61' title='bbox 82 1193 164 1262; x_wconf 65' lang='lat' dir='ltr'><strong>‘pus</strong></span> <span class='ocrx_word' id='word_1_62' title='bbox 184 1195 270 1264; x_wconf 84' lang='lat' dir='ltr'><strong>atque</strong></span> <span class='ocrx_word' id='word_1_63' title='bbox 290 1187 375 1245; x_wconf 87' lang='lat' dir='ltr'><strong>unlus</strong></span> <span class='ocrx_word' id='word_1_64' title='bbox 395 1188 495 1246; x_wconf 89' lang='lat' dir='ltr'><strong>animo</strong></span> <span class='ocrx_word' id='word_1_65' title='bbox 513 1185 814 1262; x_wconf 79' lang='lat' dir='ltr'><strong>regendum’addidit</strong></span> <span class='ocrx_word' id='word_1_66' title='bbox 834 1189 959 1246; x_wconf 87' lang='lat' dir='ltr'><strong>laudem</strong></span> 
     </span>
     <span class='ocr_line' id='line_1_11' title="bbox 82 1265 956 1364; baseline 0.002 -19"><span class='ocrx_word' id='word_1_67' title='bbox 82 1289 120 1345; x_wconf 84' lang='lat' dir='ltr'><strong>de</strong></span> <span class='ocrx_word' id='word_1_68' title='bbox 136 1265 280 1364; x_wconf 78' lang='lat' dir='ltr'><strong>Augusto,</strong></span> <span class='ocrx_word' id='word_1_69' title='bbox 292 1287 503 1362; x_wconf 80' lang='lat' dir='ltr'>Tiberiumque</span> <span class='ocrx_word' id='word_1_70' title='bbox 518 1287 612 1362; x_wconf 89' lang='lat' dir='ltr'><strong>ipsum</strong></span> <span class='ocrx_word' id='word_1_71' title='bbox 628 1287 816 1346; x_wconf 86' lang='lat' dir='ltr'><strong>victoriarum</strong></span> <span class='ocrx_word' id='word_1_72' title='bbox 829 1305 956 1357; x_wconf 78' lang='lat' dir='ltr'><strong>suarum,</strong></span> 
     </span>
     <span class='ocr_line' id='line_1_12' title="bbox 82 1388 958 1464; baseline 0.001 -19"><span class='ocrx_word' id='word_1_73' title='bbox 82 1405 211 1464; x_wconf 87' lang='lat' dir='ltr'><strong>quaeque</strong></span> <span class='ocrx_word' id='word_1_74' title='bbox 231 1388 264 1446; x_wconf 92' lang='lat' dir='ltr'><strong>in</strong></span> <span class='ocrx_word' id='word_1_75' title='bbox 279 1393 346 1461; x_wconf 84' lang='lat' dir='ltr'><strong>toga</strong></span> <span class='ocrx_word' id='word_1_76' title='bbox 360 1405 412 1461; x_wconf 89' lang='lat' dir='ltr'><strong>per</strong></span> <span class='ocrx_word' id='word_1_77' title='bbox 425 1392 468 1444; x_wconf 91' lang='lat' dir='ltr'><strong>tot</strong></span> <span class='ocrx_word' id='word_1_78' title='bbox 482 1405 574 1446; x_wconf 87' lang='lat' dir='ltr'><strong>annos</strong></span> <span class='ocrx_word' id='word_1_79' title='bbox 588 1388 704 1463; x_wconf 79' lang='lat' dir='ltr'>egregie</span> <span class='ocrx_word' id='word_1_80' title='bbox 716 1388 843 1454; x_wconf 87' lang='lat' dir='ltr'><strong>lecisset,</strong></span> <span class='ocrx_word' id='word_1_81' title='bbox 857 1389 958 1446; x_wconf 86' lang='lat' dir='ltr'><strong>admo·</strong></span> 
     </span>
     <span class='ocr_line' id='line_1_13' title="bbox 81 1477 960 1560; baseline -0.002 -14"><span class='ocrx_word' id='word_1_82' title='bbox 81 1489 156 1553; x_wconf 88' lang='lat' dir='ltr'><strong>nuit.</strong></span> <span class='ocrx_word' id='word_1_83' title='bbox 198 1489 264 1545; x_wconf 88' lang='lat' dir='ltr'><strong>Neo</strong></span> <span class='ocrx_word' id='word_1_84' title='bbox 281 1487 348 1544; x_wconf 91' lang='lat' dir='ltr'><strong>ideo</strong></span> <span class='ocrx_word' id='word_1_85' title='bbox 369 1487 442 1544; x_wconf 88' lang='lat' dir='ltr'><strong>iram</strong></span> <span class='ocrx_word' id='word_1_86' title='bbox 463 1487 526 1544; x_wconf 86' lang='lat' dir='ltr'><strong>cius</strong></span> <span class='ocrx_word' id='word_1_87' title='bbox 550 1487 666 1552; x_wconf 85' lang='lat' dir='ltr'><strong>lenivit,</strong></span> <span class='ocrx_word' id='word_1_88' title='bbox 694 1486 806 1560; x_wconf 79' lang='lat' dir='ltr'>pridem</span> <span class='ocrx_word' id='word_1_89' title='bbox 829 1477 960 1552; x_wconf 81' lang='lat' dir='ltr'><strong>invisus,¹</strong></span> 
     </span>
     <span class='ocr_line' id='line_1_14' title="bbox 82 1585 956 1663; baseline -0.003 -18"><span class='ocrx_word' id='word_1_90' title='bbox 82 1593 227 1663; x_wconf 87' lang='lat' dir='ltr'><strong>tamquam</strong></span> <span class='ocrx_word' id='word_1_91' title='bbox 248 1589 337 1644; x_wconf 85' lang='lat' dir='ltr'><strong>ducta</strong></span> <span class='ocrx_word' id='word_1_92' title='bbox 350 1586 381 1644; x_wconf 91' lang='lat' dir='ltr'><strong>ln</strong></span> <span class='ocrx_word' id='word_1_93' title='bbox 396 1585 610 1644; x_wconf 74' lang='lat' dir='ltr'><strong>matrimonium</strong></span> <span class='ocrx_word' id='word_1_94' title='bbox 624 1585 779 1659; x_wconf 85' lang='lat' dir='ltr'><strong>Vipsania,</strong></span> <span class='ocrx_word' id='word_1_95' title='bbox 794 1586 835 1644; x_wconf 81' lang='lat' dir='ltr'><strong>M.</strong></span> <span class='ocrx_word' id='word_1_96' title='bbox 849 1585 956 1660; x_wconf 79' lang='lat' dir='ltr'><strong>Agrip-</strong></span> 
     </span>
     <span class='ocr_line' id='line_1_15' title="bbox 81 1685 955 1761; baseline 0 -17"><span class='ocrx_word' id='word_1_97' title='bbox 81 1705 137 1760; x_wconf 89' lang='lat' dir='ltr'><strong>pae</strong></span> <span class='ocrx_word' id='word_1_98' title='bbox 161 1689 231 1754; x_wconf 84' lang='lat' dir='ltr'><strong>lilia,</strong></span> <span class='ocrx_word' id='word_1_99' title='bbox 250 1704 324 1761; x_wconf 90' lang='lat' dir='ltr'><strong>quae</strong></span> <span class='ocrx_word' id='word_1_100' title='bbox 351 1687 496 1761; x_wconf 89' lang='lat' dir='ltr'><strong>quondam</strong></span> <span class='ocrx_word' id='word_1_101' title='bbox 524 1685 640 1744; x_wconf 77' lang='lat' dir='ltr'><strong>Tiberii</strong></span> <span class='ocrx_word' id='word_1_102' title='bbox 667 1703 741 1744; x_wconf 83' lang='lat' dir='ltr'><strong>uror</strong></span> <span class='ocrx_word' id='word_1_103' title='bbox 763 1686 865 1753; x_wconf 85' lang='lat' dir='ltr'><strong>luerat,</strong></span> <span class='ocrx_word' id='word_1_104' title='bbox 888 1689 955 1760; x_wconf 88' lang='lat' dir='ltr'><strong>plus</strong></span> 
     </span>
     <span class='ocr_line' id='line_1_16' title="bbox 81 1781 953 1863; baseline -0.002 -18"><span class='ocrx_word' id='word_1_105' title='bbox 81 1803 166 1863; x_wconf 84' lang='lat' dir='ltr'><strong>quam</strong></span> <span class='ocrx_word' id='word_1_106' title='bbox 185 1787 286 1854; x_wconf 82' lang='lat' dir='ltr'><strong>civilia</strong></span> <span class='ocrx_word' id='word_1_107' title='bbox 300 1781 433 1860; x_wconf 70' lang='lat' dir='ltr'><strong>a&#39;gitsret</strong></span> <span class='ocrx_word' id='word_1_108' title='bbox 447 1784 645 1859; x_wconf 73' lang='lat' dir='ltr'><strong>Pollionisque</strong></span> <span class='ocrx_word' id='word_1_109' title='bbox 661 1785 759 1842; x_wconf 84' lang='lat' dir='ltr'><strong>Asinii</strong></span> <span class='ocrx_word' id='word_1_110' title='bbox 773 1787 862 1859; x_wconf 85' lang='lat' dir='ltr'><strong>patris</strong></span> <span class='ocrx_word' id='word_1_111' title='bbox 876 1785 953 1844; x_wconf 86' lang='lat' dir='ltr'><strong>lero-</strong></span> 
     </span>
    </p>
   </div>
   <div class='ocr_carea' id='block_1_3' title="bbox 33 1875 1061 2057">
    <p class='ocr_par' dir='ltr' id='par_1_3' title="bbox 33 1875 1061 2057">
     <span class='ocr_line' id='line_1_17' title="bbox 33 1875 1061 1959; baseline 0.001 -14"><span class='ocrx_word' id='word_1_112' title='bbox 33 1875 160 1945; x_wconf 74' lang='lat' dir='ltr'><strong>¹3cisum</strong></span> <span class='ocrx_word' id='word_1_113' title='bbox 185 1887 339 1952; x_wconf 64' lang='lat' dir='ltr'><strong>retineret.</strong></span> <span class='ocrx_word' id='word_1_114' title='bbox 374 1885 446 1944; x_wconf 86' lang='lat' dir='ltr'><strong>Post</strong></span> <span class='ocrx_word' id='word_1_115' title='bbox 470 1901 544 1959; x_wconf 84' lang='lat' dir='ltr'><strong>quse</strong></span> <span class='ocrx_word' id='word_1_116' title='bbox 559 1885 594 1942; x_wconf 91' lang='lat' dir='ltr'><strong>L.</strong></span> <span class='ocrx_word' id='word_1_117' title='bbox 612 1886 776 1949; x_wconf 79' lang='lat' dir='ltr'><strong>Arruntius.</strong></span> <span class='ocrx_word' id='word_1_118' title='bbox 791 1887 867 1944; x_wconf 88' lang='lat' dir='ltr'><strong>baud</strong></span> <span class='ocrx_word' id='word_1_119' title='bbox 883 1890 956 1946; x_wconf 79' lang='lat' dir='ltr'><strong>mul-</strong></span> <span class='ocrx_word' id='word_1_120' title='bbox 1060 1885 1061 1892; x_wconf 72' lang='grc'>’</span> 
     </span>
     <span class='ocr_line' id='line_1_18' title="bbox 83 1983 955 2057; baseline -0.002 -13"><span class='ocrx_word' id='word_1_121' title='bbox 83 1993 145 2044; x_wconf 88' lang='lat' dir='ltr'><strong>tum</strong></span> <span class='ocrx_word' id='word_1_122' title='bbox 171 1985 341 2057; x_wconf 75' lang='lat' dir='ltr'><strong>discrepans</strong></span> <span class='ocrx_word' id='word_1_123' title='bbox 368 2001 386 2041; x_wconf 86' lang='lat' dir='ltr'><strong>a</strong></span> <span class='ocrx_word' id='word_1_124' title='bbox 410 1983 493 2041; x_wconf 81' lang='lat' dir='ltr'><strong>Galli</strong></span> <span class='ocrx_word' id='word_1_125' title='bbox 512 1983 654 2052; x_wconf 87' lang='lat' dir='ltr'><strong>oratione,</strong></span> <span class='ocrx_word' id='word_1_126' title='bbox 676 1985 796 2057; x_wconf 88' lang='lat' dir='ltr'><strong>perinde</strong></span> <span class='ocrx_word' id='word_1_127' title='bbox 814 1985 955 2044; x_wconf 79' lang='lat' dir='ltr'><strong>offendit:</strong></span> 
     </span>
    </p>
   </div>
   <div class='ocr_carea' id='block_1_4' title="bbox 78 2083 1060 2760">
    <p class='ocr_par' dir='ltr' id='par_1_4' title="bbox 78 2083 1060 2760">
     <span class='ocr_line' id='line_1_19' title="bbox 81 2083 1060 2161; baseline -0.001 -17"><span class='ocrx_word' id='word_1_128' title='bbox 81 2103 254 2161; x_wconf 86' lang='lat' dir='ltr'><strong>quamquam</strong></span> <span class='ocrx_word' id='word_1_129' title='bbox 268 2083 479 2142; x_wconf 77' lang='lat' dir='ltr'><strong>Tiberianulla</strong></span> <span class='ocrx_word' id='word_1_130' title='bbox 494 2089 579 2141; x_wconf 85' lang='lat' dir='ltr'><strong>vetus</strong></span> <span class='ocrx_word' id='word_1_131' title='bbox 592 2083 623 2141; x_wconf 91' lang='lat' dir='ltr'><strong>in</strong></span> <span class='ocrx_word' id='word_1_132' title='bbox 639 2085 809 2142; x_wconf 80' lang='lat' dir='ltr'><strong>Arruntium</strong></span> <span class='ocrx_word' id='word_1_133' title='bbox 823 2085 881 2153; x_wconf 77' lang='lat' dir='ltr'><strong>ira3</strong></span> <span class='ocrx_word' id='word_1_134' title='bbox 901 2087 958 2144; x_wconf 86' lang='lat' dir='ltr'><strong>sed</strong></span> <span class='ocrx_word' id='word_1_135' title='bbox 1059 2089 1060 2098; x_wconf 76' lang='grc'>’</span> 
     </span>
     <span class='ocr_line' id='line_1_20' title="bbox 81 2183 955 2258; baseline -0.001 -15"><span class='ocrx_word' id='word_1_136' title='bbox 81 2185 216 2253; x_wconf 69' lang='lat' dir='ltr'><strong>«invitem,</strong></span> <span class='ocrx_word' id='word_1_137' title='bbox 231 2190 403 2258; x_wconf 83' lang='lat' dir='ltr'><strong>promptum,</strong></span> <span class='ocrx_word' id='word_1_138' title='bbox 417 2183 525 2240; x_wconf 84' lang='lat' dir='ltr'><strong>artibus</strong></span> <span class='ocrx_word' id='word_1_139' title='bbox 540 2183 664 2258; x_wconf 78' lang='lat' dir='ltr'><strong>egregiis</strong></span> <span class='ocrx_word' id='word_1_140' title='bbox 679 2189 709 2240; x_wconf 90' lang='lat' dir='ltr'><strong>et</strong></span> <span class='ocrx_word' id='word_1_141' title='bbox 718 2184 780 2257; x_wconf 88' lang='lat' dir='ltr'><strong>pari</strong></span> <span class='ocrx_word' id='word_1_142' title='bbox 793 2184 870 2242; x_wconf 82' lang='lat' dir='ltr'><strong>tama</strong></span> <span class='ocrx_word' id='word_1_143' title='bbox 885 2186 955 2258; x_wconf 71' lang='lat' dir='ltr'><strong>pub</strong></span> 
     </span>
     <span class='ocr_line' id='line_1_21' title="bbox 83 2282 1059 2359; baseline 0 -17"><span class='ocrx_word' id='word_1_144' title='bbox 83 2285 151 2353; x_wconf 88' lang='lat' dir='ltr'><strong>lice,</strong></span> <span class='ocrx_word' id='word_1_145' title='bbox 166 2285 363 2359; x_wconf 75' lang='lat' dir='ltr'><strong>suspectabat.</strong></span> <span class='ocrx_word' id='word_1_146' title='bbox 379 2293 386 2304; x_wconf 84' lang='lat'>&#39;</span> <span class='ocrx_word' id='word_1_147' title='bbox 406 2282 522 2355; x_wconf 77' lang='lat' dir='ltr'><strong>Quippe</strong></span> <span class='ocrx_word' id='word_1_148' title='bbox 537 2284 684 2356; x_wconf 81' lang='lat' dir='ltr'><strong>Augustus</strong></span> <span class='ocrx_word' id='word_1_149' title='bbox 698 2282 838 2356; x_wconf 81' lang='lat' dir='ltr'><strong>supremis</strong></span> <span class='ocrx_word' id='word_1_150' title='bbox 848 2301 957 2342; x_wconf 87' lang='lat' dir='ltr'><strong>sermo·</strong></span> <span class='ocrx_word' id='word_1_151' title='bbox 1058 2291 1059 2300; x_wconf 76' lang='grc'>’</span> 
     </span>
     <span class='ocr_line' id='line_1_22' title="bbox 82 2377 953 2458; baseline 0 -16"><span class='ocrx_word' id='word_1_152' title='bbox 82 2385 167 2444; x_wconf 92' lang='lat' dir='ltr'><strong>nibus</strong></span> <span class='ocrx_word' id='word_1_153' title='bbox 198 2403 266 2444; x_wconf 86' lang='lat' dir='ltr'><strong>cona</strong></span> <span class='ocrx_word' id='word_1_154' title='bbox 301 2387 448 2450; x_wconf 85' lang='lat' dir='ltr'><strong>tractaret,</strong></span> <span class='ocrx_word' id='word_1_155' title='bbox 476 2382 595 2458; x_wconf 86' lang='lat' dir='ltr'><strong>quinum</strong></span> <span class='ocrx_word' id='word_1_156' title='bbox 630 2382 753 2456; x_wconf 86' lang='lat' dir='ltr'><strong>adipisci</strong></span> <span class='ocrx_word' id='word_1_157' title='bbox 788 2377 953 2456; x_wconf 82' lang='lat' dir='ltr'><strong>principem</strong></span> 
     </span>
     <span class='ocr_line' id='line_1_23' title="bbox 84 2482 956 2562; baseline -0.001 -20"><span class='ocrx_word' id='word_1_158' title='bbox 84 2487 182 2550; x_wconf 83' lang='lat' dir='ltr'><strong>locum</strong></span> <span class='ocrx_word' id='word_1_159' title='bbox 202 2483 348 2541; x_wconf 82' lang='lat' dir='ltr'><strong>suffecturi</strong></span> <span class='ocrx_word' id='word_1_160' title='bbox 373 2483 544 2550; x_wconf 78' lang='lat' dir='ltr'><strong>abnuerent,</strong></span> <span class='ocrx_word' id='word_1_161' title='bbox 558 2487 608 2539; x_wconf 90' lang='lat' dir='ltr'><strong>aut</strong></span> <span class='ocrx_word' id='word_1_162' title='bbox 627 2482 752 2562; x_wconf 73' lang='lat' dir='ltr'><strong>imppres</strong></span> <span class='ocrx_word' id='word_1_163' title='bbox 768 2484 888 2550; x_wconf 86' lang='lat' dir='ltr'><strong>vellent,</strong></span> <span class='ocrx_word' id='word_1_164' title='bbox 903 2485 956 2541; x_wconf 92' lang='lat' dir='ltr'><strong>vel</strong></span> 
     </span>
     <span class='ocr_line' id='line_1_24' title="bbox 82 2561 954 2657; baseline -0.002 -17"><span class='ocrx_word' id='word_1_165' title='bbox 82 2584 172 2641; x_wconf 87' lang='lat' dir='ltr'><strong>iidem</strong></span> <span class='ocrx_word' id='word_1_166' title='bbox 196 2588 315 2656; x_wconf 80' lang='lat' dir='ltr'><strong>possent</strong></span> <span class='ocrx_word' id='word_1_167' title='bbox 336 2588 551 2655; x_wconf 82' lang='lat' dir='ltr'><strong>cuperentque:</strong></span> <span class='ocrx_word' id='word_1_168' title='bbox 572 2579 615 2638; x_wconf 83' lang='lat' dir='ltr'><strong>M.</strong></span> <span class='ocrx_word' id='word_1_169' title='bbox 630 2561 894 2657; x_wconf 66' lang='lat' dir='ltr'><strong>lapillumdixerat</strong></span> <span class='ocrx_word' id='word_1_170' title='bbox 907 2598 954 2650; x_wconf 81' lang='lat' dir='ltr'><strong>oq·</strong></span> 
     </span>
     <span class='ocr_line' id='line_1_25' title="bbox 78 2678 955 2760; baseline -0.007 -18"><span class='ocrx_word' id='word_1_171' title='bbox 78 2699 183 2760; x_wconf 75' lang='lat' dir='ltr'><strong>paceo,</strong></span> <span class='ocrx_word' id='word_1_172' title='bbox 203 2680 253 2739; x_wconf 85' lang='lat' dir='ltr'><strong>sed</strong></span> <span class='ocrx_word' id='word_1_173' title='bbox 268 2686 480 2757; x_wconf 66' lang='lat' dir='ltr'><strong>capmauutew</strong></span> <span class='ocrx_word' id='word_1_174' title='bbox 499 2679 615 2738; x_wconf 71' lang='lat' dir='ltr'><strong>Gulbm</strong></span> <span class='ocrx_word' id='word_1_175' title='bbox 636 2678 766 2738; x_wconf 65' lang='lat' dir='ltr'><strong>Annium</strong></span> <span class='ocrx_word' id='word_1_176' title='bbox 785 2679 906 2750; x_wconf 62' lang='lat' dir='ltr'><strong>acidam</strong></span> <span class='ocrx_word' id='word_1_177' title='bbox 926 2691 955 2742; x_wconf 75' lang='lat' dir='ltr'><strong>et</strong></span> 
     </span>
    </p>
   </div>
   <div class='ocr_carea' id='block_1_5' title="bbox 82 2854 954 3038">
    <p class='ocr_par' dir='ltr' id='par_1_5' title="bbox 82 2854 954 3038">
     <span class='ocr_line' id='line_1_26' title="bbox 82 2854 954 2926; baseline -0.002 -20"><span class='ocrx_word' id='word_1_178' title='bbox 82 2860 163 2914; x_wconf 80' lang='lat' dir='ltr'><strong>altera,</strong></span> <span class='ocrx_word' id='word_1_179' title='bbox 173 2861 283 2905; x_wconf 76' lang='lat' dir='ltr'><strong>exercitus</strong></span> <span class='ocrx_word' id='word_1_180' title='bbox 292 2877 298 2903; x_wconf 74' lang='lat' dir='ltr'><strong>r</strong></span> <span class='ocrx_word' id='word_1_181' title='bbox 309 2856 384 2926; x_wconf 74' lang='lat' dir='ltr'><strong>tertia.</strong></span> <span class='ocrx_word' id='word_1_182' title='bbox 392 2854 526 2926; x_wconf 74' lang='lat' dir='ltr'><strong>prcviuoias.</strong></span> <span class='ocrx_word' id='word_1_183' title='bbox 545 2855 591 2904; x_wconf 86' lang='lat' dir='ltr'><strong>Vni</strong></span> <span class='ocrx_word' id='word_1_184' title='bbox 597 2869 625 2902; x_wconf 84' lang='lat' dir='ltr'><strong>ex</strong></span> <span class='ocrx_word' id='word_1_185' title='bbox 634 2855 682 2902; x_wconf 86' lang='lat' dir='ltr'><strong>istis</strong></span> <span class='ocrx_word' id='word_1_186' title='bbox 691 2869 767 2917; x_wconf 79' lang='lat' dir='ltr'><strong>penem</strong></span> <span class='ocrx_word' id='word_1_187' title='bbox 778 2869 802 2902; x_wconf 85' lang='lat' dir='ltr'><strong>se</strong></span> <span class='ocrx_word' id='word_1_188' title='bbox 808 2855 898 2914; x_wconf 79' lang='lat' dir='ltr'><strong>aiebat,</strong></span> <span class='ocrx_word' id='word_1_189' title='bbox 907 2873 954 2906; x_wconf 91' lang='lat' dir='ltr'><strong>non</strong></span> 
     </span>
     <span class='ocr_line' id='line_1_27' title="bbox 82 2915 952 2976; baseline -0.002 -11"><span class='ocrx_word' id='word_1_190' title='bbox 82 2919 190 2965; x_wconf 87' lang='lat' dir='ltr'><strong>omnibus.</strong></span> <span class='ocrx_word' id='word_1_191' title='bbox 224 2919 254 2963; x_wconf 78' lang='lat' dir='ltr'><strong>At</strong></span> <span class='ocrx_word' id='word_1_192' title='bbox 266 2915 324 2962; x_wconf 88' lang='lat' dir='ltr'><strong>bono</strong></span> <span class='ocrx_word' id='word_1_193' title='bbox 334 2916 436 2961; x_wconf 74' lang='lat' dir='ltr'><strong>histrioni</strong></span> <span class='ocrx_word' id='word_1_194' title='bbox 454 2915 556 2960; x_wconf 80' lang='lat' dir='ltr'><strong>dell-seta</strong></span> <span class='ocrx_word' id='word_1_195' title='bbox 572 2915 732 2975; x_wconf 86' lang='lat' dir='ltr'><strong>propemodum</strong></span> <span class='ocrx_word' id='word_1_196' title='bbox 750 2929 845 2976; x_wconf 84' lang='lat' dir='ltr'><strong>persona</strong></span> <span class='ocrx_word' id='word_1_197' title='bbox 860 2921 902 2972; x_wconf 84' lang='lat' dir='ltr'><strong>est,</strong></span> <span class='ocrx_word' id='word_1_198' title='bbox 911 2916 952 2966; x_wconf 88' lang='lat' dir='ltr'><strong>im·</strong></span> 
     </span>
     <span class='ocr_line' id='line_1_28' title="bbox 82 2972 938 3038; baseline -0.005 -16"><span class='ocrx_word' id='word_1_199' title='bbox 82 2978 170 3038; x_wconf 84' lang='lat' dir='ltr'><strong>provisa</strong></span> <span class='ocrx_word' id='word_1_200' title='bbox 180 2975 354 3032; x_wconf 77' lang='lat' dir='ltr'><strong>interrogatione</strong></span> <span class='ocrx_word' id='word_1_201' title='bbox 364 2973 433 3020; x_wconf 85' lang='lat' dir='ltr'><strong>Galli.</strong></span> <span class='ocrx_word' id='word_1_202' title='bbox 465 2972 528 3029; x_wconf 78' lang='lat' dir='ltr'><strong>Dlps.</strong></span> <span class='ocrx_word' id='word_1_203' title='bbox 935 2985 938 2992; x_wconf 85' lang='grc'><strong><em>’</em></strong></span> 
     </span>
    </p>
   </div>
   <div class='ocr_carea' id='block_1_6' title="bbox 80 3051 1055 3232">
    <p class='ocr_par' dir='ltr' id='par_1_6' title="bbox 80 3051 1055 3232">
     <span class='ocr_line' id='line_1_29' title="bbox 114 3051 952 3124; baseline 0.001 -23"><span class='ocrx_word' id='word_1_204' title='bbox 114 3057 186 3102; x_wconf 80' lang='lat' dir='ltr'><strong>Vultu</strong></span> <span class='ocrx_word' id='word_1_205' title='bbox 194 3053 334 3124; x_wconf 65' lang='grc' dir='ltr'><strong>Ιᾳὶῖῳιείοτιιηι</strong></span> <span class='ocrx_word' id='word_1_206' title='bbox 350 3051 515 3122; x_wconf 56' lang='lat' dir='ltr'><strong>¹cosse&#39;ertooarut]</strong></span> <span class='ocrx_word' id='word_1_207' title='bbox 540 3053 590 3122; x_wconf 42' lang='lat'><em>,¹¹¹4</em></span> <span class='ocrx_word' id='word_1_208' title='bbox 607 3067 621 3097; x_wconf 87' lang='lat' dir='ltr'><strong>e</strong></span> <span class='ocrx_word' id='word_1_209' title='bbox 637 3053 838 3124; x_wconf 42' lang='lat' dir='ltr'><strong>vtrltuTiberil,·iq</strong></span> <span class='ocrx_word' id='word_1_210' title='bbox 856 3057 952 3124; x_wconf 72' lang='lat' dir='ltr'><strong>quostq-</strong></span> 
     </span>
     <span class='ocr_line' id='line_1_30' title="bbox 86 3110 1055 3173; baseline 0.004 -12"><span class='ocrx_word' id='word_1_211' title='bbox 86 3129 115 3162; x_wconf 88' lang='lat' dir='ltr'><strong>oa</strong></span> <span class='ocrx_word' id='word_1_212' title='bbox 125 3115 249 3160; x_wconf 73' lang='lat' dir='ltr'><strong>offensionis</strong></span> <span class='ocrx_word' id='word_1_213' title='bbox 259 3125 303 3158; x_wconf 91' lang='lat' dir='ltr'><strong>non</strong></span> <span class='ocrx_word' id='word_1_214' title='bbox 314 3118 367 3156; x_wconf 79' lang='lat' dir='ltr'><strong>setus</strong></span> <span class='ocrx_word' id='word_1_215' title='bbox 377 3110 528 3156; x_wconf 80' lang='lat' dir='ltr'><strong>dussrmulntae</strong></span> <span class='ocrx_word' id='word_1_216' title='bbox 543 3111 677 3158; x_wconf 72' lang='lat' dir='ltr'><strong>eminebant.</strong></span> <span class='ocrx_word' id='word_1_217' title='bbox 711 3113 883 3173; x_wconf 83' lang='lat' dir='ltr'><strong>l&#39;reeposrtronrs</strong></span> <span class='ocrx_word' id='word_1_218' title='bbox 893 3116 961 3165; x_wconf 85' lang='lat' dir='ltr'><strong>huius</strong></span> <span class='ocrx_word' id='word_1_219' title='bbox 1054 3143 1055 3152; x_wconf 28' lang='grc' dir='ltr'><strong>κ</strong></span> 
     </span>
     <span class='ocr_line' id='line_1_31' title="bbox 80 3168 695 3232; baseline -0.003 -14"><span class='ocrx_word' id='word_1_220' title='bbox 80 3173 176 3220; x_wconf 86' lang='lat' dir='ltr'><strong>omissae</strong></span> <span class='ocrx_word' id='word_1_221' title='bbox 185 3172 249 3232; x_wconf 86' lang='lat' dir='ltr'><strong>plura</strong></span> <span class='ocrx_word' id='word_1_222' title='bbox 257 3170 359 3228; x_wconf 81' lang='lat' dir='ltr'><strong>exempla</strong></span> <span class='ocrx_word' id='word_1_223' title='bbox 368 3175 419 3214; x_wconf 83' lang='lat' dir='ltr'><strong>aunt</strong></span> <span class='ocrx_word' id='word_1_224' title='bbox 428 3168 487 3228; x_wconf 89' lang='lat' dir='ltr'><strong>apud</strong></span> <span class='ocrx_word' id='word_1_225' title='bbox 498 3179 603 3216; x_wconf 87' lang='lat' dir='ltr'><strong>nostrum.</strong></span> <span class='ocrx_word' id='word_1_226' title='bbox 634 3169 695 3216; x_wconf 78' lang='lat' dir='ltr'><strong>Erat.</strong></span> 
     </span>
    </p>
   </div>
   <div class='ocr_carea' id='block_1_7' title="bbox 82 3239 1054 3488">
    <p class='ocr_par' dir='ltr' id='par_1_7' title="bbox 82 3239 1054 3488">
     <span class='ocr_line' id='line_1_32' title="bbox 110 3239 953 3310; baseline 0.005 -16"><span class='ocrx_word' id='word_1_227' title='bbox 110 3249 218 3303; x_wconf 76' lang='lat' dir='ltr'><strong>Avidum,</strong></span> <span class='ocrx_word' id='word_1_228' title='bbox 239 3251 259 3292; x_wconf 87' lang='lat' dir='ltr'><strong>el</strong></span> <span class='ocrx_word' id='word_1_229' title='bbox 276 3239 393 3310; x_wconf 76' lang='lat' dir='ltr'><strong>minorem]</strong></span> <span class='ocrx_word' id='word_1_230' title='bbox 434 3245 531 3292; x_wconf 87' lang='lat' dir='ltr'><strong>Mureto</strong></span> <span class='ocrx_word' id='word_1_231' title='bbox 549 3247 639 3304; x_wconf 77' lang='lat' dir='ltr'><strong>legenti,</strong></span> <span class='ocrx_word' id='word_1_232' title='bbox 663 3248 763 3304; x_wconf 69' lang='lat' dir='ltr'><strong>medum,</strong></span> <span class='ocrx_word' id='word_1_233' title='bbox 779 3250 818 3296; x_wconf 79' lang='lat' dir='ltr'><strong>aed</strong></span> <span class='ocrx_word' id='word_1_234' title='bbox 834 3252 953 3310; x_wconf 72' lang='lat' dir='ltr'><strong>minoren,</strong></span> 
     </span>
     <span class='ocr_line' id='line_1_33' title="bbox 82 3305 1054 3367; baseline 0.006 -12"><span class='ocrx_word' id='word_1_235' title='bbox 82 3307 180 3356; x_wconf 80' lang='lat' dir='ltr'><strong>Piclreua</strong></span> <span class='ocrx_word' id='word_1_236' title='bbox 190 3307 317 3353; x_wconf 81' lang='lat' dir='ltr'><strong>assentitur.</strong></span> <span class='ocrx_word' id='word_1_237' title='bbox 338 3306 382 3350; x_wconf 85' lang='lat' dir='ltr'><strong>vid.</strong></span> <span class='ocrx_word' id='word_1_238' title='bbox 393 3305 422 3350; x_wconf 84' lang='lat' dir='ltr'><strong>nd</strong></span> <span class='ocrx_word' id='word_1_239' title='bbox 431 3309 454 3362; x_wconf 73' lang='grc' dir='ltr'><strong>ὁ,</strong></span> <span class='ocrx_word' id='word_1_240' title='bbox 465 3308 486 3352; x_wconf 83' lang='grc'><strong>3.</strong></span> <span class='ocrx_word' id='word_1_241' title='bbox 519 3305 600 3362; x_wconf 77' lang='lat' dir='ltr'><strong>Egout</strong></span> <span class='ocrx_word' id='word_1_242' title='bbox 614 3305 851 3367; x_wconf 80' lang='lat' dir='ltr'><strong>rescripserim.·Em.</strong></span> <span class='ocrx_word' id='word_1_243' title='bbox 884 3311 958 3360; x_wconf 80' lang='lat' dir='ltr'><strong>Dedit</strong></span> <span class='ocrx_word' id='word_1_244' title='bbox 1053 3333 1054 3342; x_wconf 59' lang='lat'>2</span> 
     </span>
     <span class='ocr_line' id='line_1_34' title="bbox 82 3362 954 3428; baseline 0.006 -16"><span class='ocrx_word' id='word_1_245' title='bbox 82 3369 125 3413; x_wconf 89' lang='lat' dir='ltr'><strong>boc</strong></span> <span class='ocrx_word' id='word_1_246' title='bbox 134 3367 194 3414; x_wconf 76' lang='lat' dir='ltr'><strong>brot.</strong></span> <span class='ocrx_word' id='word_1_247' title='bbox 227 3365 398 3412; x_wconf 80' lang='lat' dir='ltr'><strong>Animadvertat</strong></span> <span class='ocrx_word' id='word_1_248' title='bbox 408 3363 443 3408; x_wconf 85' lang='lat' dir='ltr'><strong>bie</strong></span> <span class='ocrx_word' id='word_1_249' title='bbox 453 3362 516 3408; x_wconf 85' lang='lat' dir='ltr'><strong>nobis</strong></span> <span class='ocrx_word' id='word_1_250' title='bbox 526 3363 635 3409; x_wconf 81' lang='lat' dir='ltr'><strong>studiosus</strong></span> <span class='ocrx_word' id='word_1_251' title='bbox 644 3365 793 3424; x_wconf 80' lang='lat' dir='ltr'><strong>eloquentiae.</strong></span> <span class='ocrx_word' id='word_1_252' title='bbox 806 3373 891 3428; x_wconf 78' lang='lat' dir='ltr'><strong>quanta</strong></span> <span class='ocrx_word' id='word_1_253' title='bbox 901 3377 954 3418; x_wconf 78' lang='lat' dir='ltr'><strong>arte</strong></span> 
     </span>
     <span class='ocr_line' id='line_1_35' title="bbox 82 3421 952 3488; baseline -0.002 -18"><span class='ocrx_word' id='word_1_254' title='bbox 82 3425 129 3471; x_wconf 88' lang='lat' dir='ltr'><strong>siue</strong></span> <span class='ocrx_word' id='word_1_255' title='bbox 137 3425 184 3472; x_wconf 84' lang='lat' dir='ltr'><strong>ulla</strong></span> <span class='ocrx_word' id='word_1_256' title='bbox 201 3423 344 3470; x_wconf 76' lang='lat' dir='ltr'><strong>affectatione</strong></span> <span class='ocrx_word' id='word_1_257' title='bbox 351 3421 452 3468; x_wconf 81' lang='lat' dir='ltr'><strong>variatae</strong></span> <span class='ocrx_word' id='word_1_258' title='bbox 467 3421 510 3468; x_wconf 86' lang='lat' dir='ltr'><strong>sint</strong></span> <span class='ocrx_word' id='word_1_259' title='bbox 520 3421 779 3484; x_wconf 58' lang='lat' dir='ltr'><strong>locutionemque·</strong></span> <span class='ocrx_word' id='word_1_260' title='bbox 786 3426 838 3476; x_wconf 77' lang='lat' dir='ltr'><strong>odor.</strong></span> <span class='ocrx_word' id='word_1_261' title='bbox 846 3432 872 3476; x_wconf 80' lang='lat' dir='ltr'><strong>et</strong></span> <span class='ocrx_word' id='word_1_262' title='bbox 879 3428 952 3488; x_wconf 66' lang='grc' dir='ltr'>ἰηιμ.</span> 
     </span>
    </p>
   </div>
   <div class='ocr_carea' id='block_1_8' title="bbox 81 3485 215 3534">
    <p class='ocr_par' dir='ltr' id='par_1_8' title="bbox 81 3485 215 3534">
     <span class='ocr_line' id='line_1_36' title="bbox 81 3485 215 3534; baseline 0.007 -5"><span class='ocrx_word' id='word_1_263' title='bbox 81 3497 117 3532; x_wconf 77' lang='lat' dir='ltr'><strong>set</strong></span> <span class='ocrx_word' id='word_1_264' title='bbox 126 3485 215 3534; x_wconf 61' lang='lat' dir='ltr'><strong>sumt</strong></span> 
     </span>
    </p>
   </div>
   <div class='ocr_carea' id='block_1_9' title="bbox 0 0 1072 3826">
    <p class='ocr_par' dir='ltr' id='par_1_9' title="bbox 0 0 1072 3826">
     <span class='ocr_line' id='line_1_37' title="bbox 0 0 1072 3826; baseline 0 0"><span class='ocrx_word' id='word_1_265' title='bbox 0 0 1072 3826; x_wconf 95' lang='lat' dir='ltr'><strong> </strong></span> 
     </span>
    </p>
   </div>
  </div>
 </body>
</html>
