2166 3834
89 199 159 270 116
416 219 632 267 nuuaurvu·
768 217 848 264 -b
865 215 896 262 V·
913 216 962 261 ⁷7²·

87 395 121 434 ec
133 375 163 432 in
179 373 331 446 provincia
345 377 375 430 cl
390 373 551 430 Plancinae
573 385 732 444 percarum,
747 369 870 426 nomine
886 366 962 423 Mur·

87 475 188 536 tinam,
216 476 245 531 in
274 476 372 530 urbem
398 473 487 538 misit,
521 471 733 543 postulantibus
762 467 892 523 Vitellio
926 481 961 520 ac

86 575 219 630 Veranio
246 573 416 645 ceterisque,
444 569 492 643 qui
519 569 643 628 crimina
672 575 703 624 et
730 565 959 633 accusationem,
1058 611 1059 616 ,

87 679 231 746 tamquam
258 672 396 726 adversus
423 675 557 740 receptos
586 669 644 723 ium
666 683 738 734 reos,
765 666 959 722 instruebant.
1058 655 1059 680 ³

35 773 75 834 75
93 775 130 827 rit
157 769 325 842 Agrippina,
347 785 522 841 quamquam
539 766 653 822 delesse
679 769 757 820 luctu
785 768 815 818 et
838 777 960 833 corpore

86 886 182 932 aegro,
209 868 335 923 omnium
361 875 467 932 tamen,
494 881 569 938 quae
597 864 739 920 ultionem
769 867 959 925 morarentur,¹
1058 883 1059 886 ¹

86 968 255 1030 intolerans,
284 965 436 1020 adscendit
466 967 597 1019 classem·
620 979 687 1018 cum
715 959 863 1016 cineribus
889 959 961 1014 Ger·
1058 931 1059 948 Χ

85 1065 195 1122 manici
229 1070 259 1120 et
293 1063 411 1130 liberis3
452 1061 656 1118 miserantibus
699 1060 825 1122 cunctis,
861 1057 965 1130 ‘quod

85 1162 212 1218 ‘semina
254 1161 405 1218 nobilitate
448 1160 592 1231 princeps,
636 1159 832 1232 pulcherrimo
873 1155 960 1212 modo

85 1261 295 1324 ‘matrimonio
326 1260 402 1314 inter
431 1258 601 1314 venerantis
633 1255 833 1331 gratantisque
865 1252 960 1324 adspi-

85 1355 133 1411 ‘ci
161 1357 257 1420 solita,
283 1361 352 1412 tunc
376 1356 473 1412 feralis
495 1355 631 1429 reliquias
653 1354 718 1412 sinu
743 1353 840 1417 ferret,
867 1351 962 1408 incer*

85 1458 133 1508 ‘tc
148 1453 275 1516 ultionis,
287 1453 377 1509 anxia
391 1454 445 1517 sui,
460 1461 490 1509 et
505 1453 616 1510 infelici
633 1453 814 1509 fecunditate
825 1451 960 1506 fortunae

85 1551 210 1606 ‘totiens
231 1548 378 1606 obnoxia!
419 1550 557 1608 Pisonem
578 1551 695 1607 interim
709 1551 785 1621 apud
808 1549 904 1606 Coum
919 1549 967 1604 iu·

84 1648 176 1702 sulum
211 1648 327 1702 nuntius
361 1649 537 1721 adsequitur,
570 1646 717 1704 excessisse
747 1645 961 1703 Germanicum.

85 1743 151 1813 Quo
172 1742 400 1815 intemperanter
424 1753 556 1818 accepto,
583 1746 682 1805 caedit
717 1747 865 1809 victimas,
898 1743 962 1800 adit
1058 1751 1059 1764 ¹

85 1843 211 1907 templa;
227 1859 320 1916 neque
334 1843 396 1912 ipse
406 1845 543 1916 gaudium
555 1847 718 1909 moderans,
733 1852 761 1899 ct
774 1844 869 1916 magis
884 1844 960 1898 inso-
1058 1913 1059 1918 η

85 1939 215 1993 lescente
231 1939 383 2005 Plancina,
397 1959 471 2016 quae
497 1946 605 1998 luctum
621 1943 745 1998 amissae
766 1941 873 1997 sororis
898 1945 960 1996 tum
1058 1919 1059 1996 J

32 2027 207 2105 zssprimum
231 2025 399 2094 laetocultu
423 2041 557 2098 mutavit·
604 2039 781 2098 Adfluebant
805 2039 961 2095 Centurio·
1058 2039 1059 2078 t

85 2150 147 2196 nes,
174 2137 386 2209 monebantque
411 2144 566 2208 ‘prompte
589 2141 640 2195 illa
666 2121 816 2211 legionum
841 2138 958 2194 studia:
1058 2107 1059 2160 ἶ

85 2234 251 2300 ‘repeteret
267 2233 455 2304 provinciam,
476 2253 533 2292 non
549 2237 610 2292 iure
625 2240 753 2292 ablutam
768 2242 799 2292 et
814 2245 967 2292 vacuam’·

82 2325 184 2400 igitur,
212 2333 296 2402 ‘quid
324 2331 485 2404 agendum:
509 2335 698 2394 consultanti,
728 2333 770 2390 M.
788 2333 858 2390 Piso
881 2333 958 2390 lilius

84 2429 315 2494 ‘properandum
343 2429 373 2483 in
399 2429 516 2494 urbem*
543 2433 700 2488 censebat:
735 2431 830 2488 ‘nibil
859 2431 962 2488 adbuc
1058 2485 1059 2494 ,

83 2520 96 2547 ⁴·
106 2517 286 2587 inexpiabile
301 2525 467 2590 admissum,
481 2545 574 2601 neque
589 2529 773 2601 suspiciones
785 2530 960 2599 imbecillas,
1058 2549 1059 2556 ¹

85 2616 156 2666 ‘aut
177 2613 277 2670 inania
299 2619 392 2676 lamae
416 2627 659 2693 pertimescenda.
683 2628 864 2683 discordium
889 2643 962 2700 erga

84 2711 94 2738 ‘¹
108 2707 315 2768 Germanicum
338 2719 407 2772 odio
431 2720 552 2778 sortasse
574 2725 703 2797 dignam,
718 2742 777 2781 uon
794 2743 908 2797 poeno:
930 2730 962 2782 et

83 2805 97 2832 ‘'
107 2804 292 2873 ademptione
308 2814 477 2880 provinciae
491 2821 671 2877 satisfactum
686 2822 826 2880 inimicis.
871 2824 962 2895 Quod

82 2897 130 2951 ‘si
158 2903 363 2972 regrederetur,
390 2913 550 2973 obsistente
579 2920 693 2986 Sentio,
721 2921 814 2977 civile
845 2924 961 2980 bellum
1058 2945 1059 2980 t

82 2990 214 3064 ‘incipit
236 3015 292 3054 nec
305 3003 453 3063 duraturos
468 2993 498 3066 i⁸n
518 3016 646 3085 portibus
662 3017 861 3075 Centuriones
884 3019 963 3078 mili·

82 3091 215 3160 ‘terque
234 3096 309 3162 upud
330 3116 400 3168 quos
416 3121 519 3164 recens
536 3112 723 3184 Imperatoris
737 3117 781 3172 sui
805 3119 962 3188 memoria,

82 3185 136 3238 ‘el
157 3185 272 3256 penitus
297 3191 403 3252 infixus
426 3200 455 3256 iu
479 3205 621 3266 Caesares
644 3229 727 3270 umor
750 3217 963 3287 praevaleret?
1058 3203 1059 3270 l

29 3265 69 3325 77
83 3279 192 3336 Contra
218 3283 365 3346 Domitius
400 3296 496 3365 Celer,
521 3321 560 3360 ex
585 3307 690 3365 intima
718 3311 782 3368 eius
812 3316 964 3385 amicitis,
1058 3327 1059 3356 ³

80 3374 233 3438 disseruit:
254 3385 425 3452 ‘Vtendum
444 3407 564 3460 cveutu.
608 3406 760 3480 Pisonem,
781 3431 842 3472 nou
860 3416 965 3474 Sentis-
1058 3393 1059 3408 ἵ
