2166 3834
130 242 263 292 auca
346 237 416 288 nra.
443 239 494 287 ιιι.
545 227 623 286 dar.
649 215 817 286 67.-ca.
938 211 1008 286 169

131 397 203 454 eum
231 395 359 454 Senatus
385 395 549 452 consultum
570 390 688 471 recitari
714 374 805 452 iubet.
864 389 945 450 Tum
972 391 1007 450 L.

132 493 278 554 Pisonem
305 493 483 550 sententiam
517 495 608 566 rogat.
636 491 697 557 illa,
721 491 843 548 multam
865 490 907 546 da
929 493 1010 548 ‘cle-
1038 525 1060 538 ··

132 593 269 650 ‘inentia
293 587 448 664 Principis’
473 589 625 663 praetatus,
655 595 746 663 ‘aqua
765 593 852 662 atque
882 589 944 664 igni
966 591 1011 648 Si·

131 692 223 757 flano
259 686 513 754 interdicendum,’
551 687 679 756 censuit,
701 687 874 764 ‘ipsumque
901 687 933 746 in
968 687 1011 746 in·

134 791 250 848 ‘solam
274 788 407 862 Gyarum
430 784 637 862 relegandum!
696 787 811 846 Eadem
831 787 933 854 ceteri,
954 788 1012 846 nisi

132 889 212 964 quod
248 887 305 946 On.
340 889 492 953 Lentulus,
523 886 708 959 ‘separanda
745 885 841 944 Silani
879 894 1041 946 maternax

135 988 232 1044 *bonu
245 982 367 1063 (quippe
381 985 441 1044 alia
461 989 583 1059 parente
596 980 705 1060 geniti)
724 985 928 1062 reddendaque
941 984 1011 1044 lilio‘

131 1085 223 1152 dixit,
246 1086 394 1142 adnuente
420 1081 555 1142 Tiberio.
597 1085 641 1142 At
663 1082 817 1142 Cornelius
843 1085 1010 1152 Dolabella,
1021 1098 1062 1157 69

132 1185 206 1244 dum
219 1183 418 1242 adulationem
431 1183 546 1257 longius
567 1181 705 1257 sequitur,
728 1182 881 1256 increpitis
905 1183 941 1243 O.
966 1183 1010 1243 Si·

133 1283 211 1342 lani.
226 1283 364 1350 moribus,
388 1282 510 1350 addidit,
537 1289 595 1340 ‘ne
622 1281 685 1357 quir
713 1281 777 1338 vita
804 1284 954 1355 probrosus
980 1287 1013 1340 et

129 1387 270 1455 ropertus
283 1381 415 1448 infamia,
438 1365 621 1456 provinciam
634 1379 798 1438 sortiretur:
820 1381 906 1456 idque
928 1382 1011 1440 Prin·

133 1485 229 1575 ‘cepa
262 1479 443 1538 diiudicaret.
476 1497 544 1538 unm
579 1497 597 1536 a
621 1480 733 1552 legibus
758 1480 869 1538 delicta
892 1482 1008 1556 puniri:

138 1583 273 1654 ‘quanto
285 1580 345 1638 lore
368 1579 467 1638 mitius
490 1579 521 1636 in
545 1578 633 1652 ipsos,
658 1577 760 1636 melius
774 1579 804 1638 in
819 1581 924 1649 socios,
949 1596 1012 1656 pro·

136 1677 265 1746 ‘videri
292 1697 330 1736 ne
357 1683 528 1752 peccaretur
539 1673 560 1736 l’
604 1678 770 1737 Adversum
794 1697 867 1754 quae
891 1679 1012 1741 disaruit

137 1777 271 1838 Caesar:
291 1782 374 1834 ‘non
401 1777 518 1851 quidem
544 1775 602 1836 sibi
621 1775 732 1849 ignara,
752 1765 826 1853 quae
847 1779 885 1836 de
909 1779 1012 1837 Silano

138 1882 147 1909 ¹
162 1877 375 1948 vulgabantur:
395 1875 448 1932 sed
463 1893 521 1933 non
536 1893 574 1932 ex
598 1892 711 1932 rumore
724 1877 917 1948 statuendum,
941 1879 1012 1935 mul·

136 1979 206 2032 ‘tos
229 1973 261 2031 in
282 1973 453 2048 provinciis,
476 1979 686 2044 contraquam
709 1992 776 2048 spes
796 1981 846 2032 aut
871 1978 1014 2034 metusde

136 2072 220 2130 ‘illis
250 2071 345 2139 luerit,
369 2071 473 2146 egisse,
500 2072 627 2130 excitari
654 2074 792 2148 quosdam
819 2074 856 2130 ad
883 2075 1014 2145 meliora,

136 2171 362 2246 ‘magnitudine
384 2187 497 2240 rerum3
518 2171 676 2230 hebescere
702 2170 784 2228 alios.
806 2153 901 2245 ueque
929 2191 1014 2244 posse

138 2270 332 2342 ‘Principem
359 2286 411 2348 ¹sua
434 2269 559 2326 scientie
583 2273 692 2327 cuncta
713 2269 888 2341 complecti:
919 2289 1014 2346 neque

137 2368 311 2441 ‘expedire
334 2373 364 2426 ut
378 2368 538 2426 ambitione
562 2369 660 2425 aliena
684 2367 820 2424 trabatur.
842 2368 910 2426 ideo
933 2371 1013 2444 leger

139 2467 194 2526 ‘in
216 2467 293 2524 tacta
316 2467 466 2552 constitui,
488 2466 556 2540 quia
581 2466 674 2524 lutura
698 2466 730 2524 in
753 2465 867 2524 incerto
880 2467 948 2526 sint.
968 2470 1013 2530 sic

116 2574 176 2640 ‚fa
192 2564 348 2624 maioribus
375 2565 548 2629 institutum,
582 2571 623 2630 ut,
650 2564 676 2622 si
703 2566 865 2623 anteissent
893 2567 1013 2636 delicta,

137 2669 273 2740 ‘poenum
293 2671 488 2740 sequerentur.
509 2681 548 2720 ue
570 2669 717 2720 verterent
745 2667 892 2738 sapienter
919 2684 1012 2741 reper-

140 2768 201 2830 ‘ta,
215 2769 244 2820 et
259 2780 372 2836 semper
386 2762 503 2835 piacita.
524 2762 595 2818 satis
618 2779 737 2820 onerum
754 2763 945 2846 Principibus,
969 2783 1012 2824 aa·

139 2862 199 2920 ‘tis
225 2861 317 2919 etiam
344 2860 503 2934 potentiae.
534 2861 626 2918 minui
653 2861 724 2929 iura,
748 2863 882 2936 quotiens
904 2867 1011 2940 gliscat

61 2947 71 2962 ’
136 2965 312 3036 ‘potestast
343 2976 400 3016 nec
428 2960 568 3016 utendum
594 2960 725 3033 imperio,
753 2962 800 3019 ubi
825 2964 937 3038 legibus
962 2965 1011 3040 agi

136 3057 271 3134 ‘possit’
312 3059 431 3131 Quanto
445 3059 534 3116 rarior
557 3059 633 3130 apud
658 3059 811 3119 Tiberium
825 3064 1010 3136 popularitas,

140 3164 226 3218 tanto
248 3156 416 3216 laetioribus
439 3156 544 3214 animis
567 3163 698 3230 accepta.
752 3159 850 3236 Atque
872 3162 923 3218 ille
948 3179 1011 3235 pru-

137 3258 213 3316 dens
241 3255 420 3322 moderandi,
453 3257 478 3312 ei
507 3257 621 3329 propria
647 3257 690 3314 ira
718 3275 776 3314 non
805 3259 1010 3330 impelleretur,

137 3355 265 3422 addidit,
292 3355 436 3412 ‘insulam
463 3353 595 3428 Gyarum
614 3353 755 3412 'inmitem
782 3362 811 3408 et
839 3355 903 3410 sine
929 3357 1011 3418 cultu

138 3452 310 3514 ‘hominum
344 3470 426 3512 esse:
459 3453 564 3512 darant
591 3453 693 3510 luciae
725 3449 863 3514 tantillae,
889 3454 920 3506 et
946 3449 1010 3506 viro

181 3568 255 3612 von.
278 3569 302 3610 ι.
540 3549 580 3603 1⁵
