2166 3834
79 165 147 234 174
270 165 274 172 ’
349 186 546 252 sutanum,
562 164 627 247 dfe.
762 193 821 264 a.
837 190 867 238 v.
891 157 974 254 nm

75 341 183 416 pitonis
206 336 376 418 obsequium
400 345 616 404 dominantibus
643 345 736 419 magis
761 346 948 419 probabatur.
1071 407 1072 426 ἶ

75 441 135 506 tui,
156 442 232 516 quod
256 442 424 501 Praeturam
447 444 524 502 intra
550 444 641 511 stetit,
664 443 881 502 commendatio
902 461 947 500 ex
1071 429 1072 512 ζ

75 539 198 610 iniuria3
219 535 389 616 buio'quod
414 541 605 601 Consulatum
628 535 826 617 adopinaest,
844 543 953 600 odium'

25 621 116 698 75ex
137 639 251 696 invidia
268 639 422 698 oriebatur.
463 642 503 699 Et
527 641 613 699 lunia
635 643 821 716 sexagesimo
843 631 947 715 quanto

77 745 141 814 post
161 738 380 812 Philippensem
400 740 497 798 aeiem
517 757 604 805 anno,
624 757 789 814 supremum
801 739 879 796 diem
892 757 947 796 ex·

77 837 179 911 piavit,
194 837 307 896 cuono
330 841 477 896 avunculo
497 839 607 912 genita,
630 838 665 896 O.
682 838 786 902 Cassii·
798 855 880 905 uson,
893 837 947 894 Μ.

77 938 163 997 Bruti
182 955 269 996 soror.
312 931 536 996 'l'es'tamentum
550 938 612 995 eius
632 941 722 995 multo
735 939 809 1011 apud
826 939 947 1010 vulgum

77 1055 189 1095 rumore
214 1036 288 1107 iuit;
320 1037 396 1112 quia,
423 1036 455 1094 in
481 1037 596 1110 maguis
622 1036 735 1110 opibus,
762 1053 828 1093 oum
855 1037 948 1092 terme

78 1141 200 1194 ounetos
222 1153 355 1209 prooenes
375 1125 442 1195 oum
463 1137 572 1193 bonore
593 1136 816 1198 nominavisset,
838 1135 949 1192 Gaesa-

79 1253 140 1294 rem
163 1235 269 1292 omisit.
288 1236 363 1310 quod
387 1235 518 1292 oiviliter-
537 1241 708 1308 aooeptum:
733 1251 827 1308 neque
847 1233 948 1306 prohi-

80 1335 151 1405 buit,
177 1355 234 1411 quo
262 1337 356 1394 minus
382 1337 552 1396 laudatione
580 1354 631 1410 pro
657 1335 755 1393 rostris
782 1334 948 1408 ceterisque

80 1437 247 1494 solennibus
274 1435 357 1494 innuo
384 1437 629 1494 cohonestaretur.
679 1433 796 1508 Viginti
823 1432 951 1491 olarisai·

51 1603 55 1621 Α
81 1551 190 1592 marum
212 1534 384 1594 tantillarum
403 1535 547 1610 imagines
571 1535 718 1592 antelatae
736 1538 811 1600 sunt,
831 1531 952 1598 Manlii,

25 1635 29 1646 '
83 1634 225 1708 Quinctil,
250 1634 363 1710 aliaque
387 1635 516 1692 eiusdem
540 1632 702 1690 nobilitatis
724 1630 863 1688 nomina:
893 1632 949 1687 sed

11 1819 12 1822 Ἴ
59 1737 300 1812 ,praefulgebant
324 1736 442 1795 Cassius
464 1742 559 1825 altum¹
573 1737 690 1800 Brutus,
714 1751 750 1790 eo
774 1733 847 1807 ipso,
871 1735 950 1808 quod

11 1844 21 1856 “
60 1831 65 1861 ¹
84 1837 193 1912 effigies
207 1853 304 1894 eorum
319 1854 377 1894 non
393 1835 570 1892 visebantur.

62 1936 66 1963 l

112 2010 182 2057 lunia
193 2011 274 2058 Colone
290 2012 401 2058 auunculo
442 2010 471 2058 D.
491 2009 564 2058 lunius
583 2008 680 2064 Silanus.
696 2007 742 2068 quui,
758 2006 842 2053 Consul
860 2021 910 2052 eum
921 2007 950 2053 11.

84 2071 170 2118 Licinio
189 2071 393 2122 Mmenauxorem
413 2070 482 2115 tabuit
493 2068 611 2116 Serviliam
621 2081 717 2114 sonorem
729 2067 764 2114 Μ.
782 2065 884 2112 Catonis.
916 2065 953 2112 Ex

83 2131 110 2176 iis
120 2137 172 2176 nata
183 2131 237 2175 baec
250 2129 318 2184 lunia,
328 2143 391 2175 soron
401 2129 437 2175 M.
449 2127 511 2175 bruti
522 2143 561 2188 pen
570 2133 662 2172 matrem
673 2128 733 2184 (nam
750 2124 813 2171 Bruti
830 2131 897 2184 pater
908 2124 953 2170 tuit

85 2191 120 2236 M.
134 2188 206 2236 lunius
224 2189 314 2248 Brutus)
330 2187 409 2234 Tertia
427 2189 463 2234 vel
481 2185 585 2233 Tertulla
601 2191 759 2243 cognomento:
777 2180 806 2228 de
824 2197 868 2243 qua
886 2189 954 2232 notus

84 2249 198 2296 Ciceronis
208 2251 267 2295 iocus
277 2263 313 2309 ap.
325 2249 385 2294 Suet.
405 2248 446 2302 lul,
456 2249 491 2294 bb.
510 2245 587 2291 Tertio
605 2245 696 2290 deductu
707 2248 743 2288 asi.
777 2241 873 2288 Diversa
885 2242 954 2300 igitur

85 2308 114 2354 ab
124 2309 165 2354 itan
175 2309 244 2362 lunia,
254 2307 282 2353 de
292 2321 334 2368 qua
350 2306 450 2354 Velleius
459 2310 480 2360 2,
491 2306 526 2351 aa.
543 2305 576 2350 M.
591 2303 687 2358 Lepidus
696 2300 791 2356 iuuenis,
807 2300 890 2356 Innidi
904 2301 953 2349 sitta

85 2369 124 2428 qui
134 2367 176 2415 111
193 2367 250 2415 VIR
260 2368 345 2426 fueret
361 2366 390 2414 ll.
403 2365 428 2411 C.
442 2363 521 2422 filim,
532 2363 603 2410 Iunio
611 2361 681 2408 Bruti
695 2375 767 2406 sorore
785 2365 859 2406 notun.
891 2359 953 2406 Nam

86 2429 142 2475 haee
150 2443 204 2474 uxor
216 2427 294 2488 lapidi
305 2425 358 2472 luit:
375 2425 416 2470 nisi
426 2425 447 2484 si
454 2429 506 2470 aute
514 2421 593 2479 Cassii,
604 2422 662 2482 quod
671 2435 715 2466 uon
724 2419 809 2480 opinor.
841 2417 906 2474 luins.

117 2507 301 2569 Psnssutgatunt]
334 2505 436 2566 Negutus
445 2502 503 2552 enim
513 2501 582 2549 bonor
589 2499 685 2563 ebrium
699 2496 803 2545 intendit.
814 2500 836 2546 t.
847 2499 885 2548 26,
