2166 3834
120 227 149 274 a.
165 223 194 272 c.
211 225 249 273 aa
333 221 404 268 uro.
432 219 483 300 ur.
533 217 611 268 car.
638 201 806 269 22.-2l.
922 203 988 307 ltl

120 395 189 436 cnm
201 375 291 434 clario
303 374 421 432 taminia
435 374 572 447 ingratae,
588 376 795 432 lamentatione
807 375 897 432 debili
909 373 994 434 racia·

121 493 169 534 rra
182 493 252 532 moa
281 475 374 532 ciens.
387 473 533 550 ipsumque
553 471 724 549 Pompeiam,
744 473 827 530 cuiue
840 491 875 530 ea
897 491 994 531 monn·

123 581 227 633 menta
256 578 286 630 et
316 575 465 630 adulanter
499 573 642 646 imagines
667 573 856 639 alienantur,
884 578 995 634 tantum

126 672 347 732 misericordiae
360 670 514 745 permovit,
535 677 566 727 ut
579 670 663 728 effari
676 671 707 728 in
723 674 875 744 lacrymae,
889 677 997 732 ‘saeva

123 779 172 830 ‘et
186 773 360 832 detestanda
375 769 507 843 Qirinc’
520 771 713 836 clamitarent,
736 773 835 829 ‘cuiue
858 777 996 828 ecnectee

114 868 136 908 *⁸
149 877 238 946 etque
265 871 393 934 orbitati,
415 877 445 927 et
471 870 693 927 obscurissimae
716 871 825 937 domui,
851 871 997 928 destinata

118 977 136 1004 ‘⁸
151 971 297 1044 quondam
312 987 385 1026 uxor
413 969 448 1026 1..
464 969 594 1037 (taenari,
622 987 658 1026 ac
679 971 718 1026 D.
742 973 874 1043 Augusto
901 987 997 1038 nurar,

117 1077 135 1104 '⁴
150 1067 322 1126 dederetur.⁸
343 1068 412 1124 dein
433 1069 584 1126 tormentia
607 1063 757 1124 cervorum
771 1069 916 1140 patefacte
929 1073 997 1126 eunt

117 1167 249 1240 flagitia,
263 1167 391 1241 itumque
405 1167 435 1224 in
447 1167 626 1224 eontentiam
649 1168 766 1224 Rubelli
782 1167 926 1235 Blandi,a
940 1185 998 1242 qno

126 1283 206 1340 aqua
229 1272 314 1340 etqua
344 1266 405 1338 igni
436 1269 596 1323 arcebatur.
629 1267 698 1322 hnic
721 1267 831 1323 Drneur
858 1267 998 1336 artaenrit,

128 1383 301 1441 quemquam
319 1365 370 1422 alii
385 1365 482 1422 mitius
508 1365 700 1422 concuterent.
721 1381 789 1423 mox
805 1367 923 1432 Scauro,
947 1365 996 1441 qui

127 1465 222 1523 liliam
236 1481 274 1520 ex
296 1481 331 1520 ea
344 1470 492 1538 genuerat,
506 1447 614 1530 datum,
628 1482 665 1521 ne
677 1467 752 1520 bona
773 1465 996 1537 publicarentur.

131 1564 213 1622 Turn
227 1563 341 1622 demam
355 1563 468 1634 aperuit
482 1563 620 1619 'liberine
637 1581 645 1618 ε
665 1569 829 1638 conponam
840 1561 896 1620 siti
913 1563 998 1620 etiarn

127 1659 474 1728 capacitatem,
507 1660 996 1738 mmmmmclaeptdopetitcm.

132 1747 304 1819 inlustrium
332 1761 468 1816 domnum
492 1761 617 1816 adverae
635 1757 759 1836 (atenim
779 1762 856 1818 bend
876 1763 996 1818 multum
1007 1752 1050 1810 Ἡ

129 1859 252 1916 distanti
272 1865 401 1932 tempore
423 1858 575 1929 Calpurnii
595 1857 741 1927 Pisonem,
771 1859 892 1916 Aemilii
912 1859 998 1931 Lepi·

128 1959 198 2015 dam
228 1953 400 2032 amiserant)
419 1957 524 2013 solatio
543 1957 652 2014 adiecit
688 1959 726 2014 D.
749 1959 876 2025 Silanae,
897 1957 1000 2016 laniae

126 2055 271 2138 familiae
285 2055 423 2135 redditae.
444 2071 544 2111 cneum
572 2055 636 2112 eiua
658 2057 757 2128 paucio
778 2063 914 2128 repetam.
956 2056 1003 2112 Vt

129 2147 236 2224 valida
267 2155 307 2210 D.
331 2156 464 2226 Augusto
497 2154 528 2210 in
550 2155 653 2226 Remp.
688 2153 831 2223 fortunata
861 2153 904 2210 ita
923 2153 1003 2210 domi

124 2238 298 2326 inprospera
323 2252 386 2319 tuit,
416 2254 454 2308 ob
482 2252 693 2322 impudicitiam
714 2251 792 2308 tiliae
819 2266 855 2307 ac
887 2250 998 2324 neptia,

128 2367 202 2428 quea
232 2353 303 2408 urbe
323 2351 445 2423 depulit,
472 2353 674 2424 adulterosque
704 2367 804 2407 aarum
833 2347 926 2408 morte
954 2355 1005 2408 ant

127 2449 198 2524 inge
219 2449 344 2521 punivit.
374 2467 442 2506 nam
461 2452 587 2522 culpam,
616 2450 693 2506 inter
713 2449 792 2506 viroe
825 2465 861 2506 ac
881 2449 1002 2507 leminea

129 2550 293 2620 vulgatam,
312 2547 397 2622 gravi
421 2547 540 2606 nornine
561 2545 705 2606 laesarum
717 2545 885 2624 religionum
898 2565 934 2606 ac
947 2548 1003 2606 aio·

128 2645 209 2704 torae
235 2643 392 2702 mniaatctia
418 2647 602 2719 adpellando,
636 2647 833 2705 clementiam·
851 2648 1002 2716 maiorum,

130 2759 256 2817 anaeque
276 2743 339 2815 ipsa
361 2746 441 2817 legen
460 2744 668 2818 egrediebatur.
718 2746 778 2811 Sed
807 2746 928 2804 aliorum
953 2765 1002 2804 ex·

130 2843 198 2911 ilua,
217 2841 303 2900 simul
324 2848 423 2899 cetera
441 2842 520 2900 illiue
540 2843 654 2911 aetalia,
681 2848 853 2912 memorabo,
873 2846 899 2903 ai
918 2847 1002 2904 effac-

131 2941 170 2998 tia
190 2942 223 2998 io
244 2958 317 3015 qnae
338 2941 459 3008 tetendi,
480 2945 575 3014 plurea
595 2944 632 3000 ad
658 2961 741 3000 curas
764 2945 855 3002 vitam
874 2946 1001 3018 produx-

130 3059 192 3100 ero.
216 3039 254 3096 D.
278 3040 405 3105 Silanus,
425 3041 456 3098 in
468 3041 547 3114 nepti
561 3043 685 3116 Augusti
696 3045 817 3110 adulter,
831 3061 1003 3116 quamquam

130 3157 192 3199 non
208 3141 284 3196 nttre
306 3138 378 3196 toret
392 3137 545 3205 caeritum,
569 3157 653 3214 qnam
673 3148 704 3198 ut
718 3141 848 3198 amicitia
869 3141 1003 3198 Caesarie

132 3237 345 3312 prohiberetur,
356 3237 492 3294 exsilium
505 3239 561 3296 eibi
570 3241 760 3298 demonstrari
768 3237 931 3296 intellexit:
948 3254 1003 3292 nec

131 3337 193 3398 niei
225 3337 350 3394 Tiberio
382 3336 578 3406 imperitante,
611 3338 762 3408 deprecari
797 3337 936 3390 Senatum
950 3345 1000 3382 -ac

132 3436 309 3512 Principem
332 3451 417 3496 auena
430 3441 484 3504 aet,
505 3431 549 3496 ra.
565 3433 661 3496 Silani
682 3431 776 3490 traarta
796 3420 937 3496 potentia,
956 3421 1006 3494 qui
