<?xml version="1.0" encoding="UTF-8"?>
<!DOCTYPE html PUBLIC "-//W3C//DTD XHTML 1.0 Transitional//EN"
    "http://www.w3.org/TR/xhtml1/DTD/xhtml1-transitional.dtd">
<html xmlns="http://www.w3.org/1999/xhtml" xml:lang="en" lang="en">
 <head>
  <title>
</title>
<meta http-equiv="Content-Type" content="text/html;charset=utf-8" />
  <meta name='ocr-system' content='tesseract 3.04.00' />
  <meta name='ocr-capabilities' content='ocr_page ocr_carea ocr_par ocr_line ocrx_word'/>
</head>
<body>
  <div class='ocr_page' id='page_1' title='image "./operaexrecensio01tacigoog_0306.png"; bbox 0 0 2164 3846; ppageno 0'>
   <div class='ocr_carea' id='block_1_1' title="bbox 101 261 981 339">
    <p class='ocr_par' dir='ltr' id='par_1_1' title="bbox 101 261 981 339">
     <span class='ocr_line' id='line_1_1' title="bbox 101 261 981 339; baseline 0.008 -7"><span class='ocrx_word' id='word_1_1' title='bbox 101 281 178 332; x_wconf 47' lang='lat' dir='ltr'><strong>sec.</strong></span> <span class='ocrx_word' id='word_1_2' title='bbox 197 285 235 332; x_wconf 85' lang='lat' dir='ltr'><strong>ae.</strong></span> <span class='ocrx_word' id='word_1_3' title='bbox 325 281 460 330; x_wconf 61' lang='lat' dir='ltr'><strong>uram.</strong></span> <span class='ocrx_word' id='word_1_4' title='bbox 511 284 590 331; x_wconf 74' lang='lat' dir='ltr'><strong>cae.</strong></span> <span class='ocrx_word' id='word_1_5' title='bbox 620 262 787 335; x_wconf 72' lang='lat' dir='ltr'><strong>:td-tl.</strong></span> <span class='ocrx_word' id='word_1_6' title='bbox 905 261 981 339; x_wconf 76' lang='lat'><strong>265</strong></span> 
     </span>
    </p>
   </div>
   <div class='ocr_carea' id='block_1_2' title="bbox 33 437 1064 2798">
    <p class='ocr_par' dir='ltr' id='par_1_2' title="bbox 101 437 1064 712">
     <span class='ocr_line' id='line_1_2' title="bbox 101 437 981 515; baseline 0.005 -19"><span class='ocrx_word' id='word_1_7' title='bbox 101 454 156 511; x_wconf 93' lang='lat' dir='ltr'><strong>per</strong></span> <span class='ocrx_word' id='word_1_8' title='bbox 170 440 298 512; x_wconf 89' lang='lat' dir='ltr'><strong>quatuor</strong></span> <span class='ocrx_word' id='word_1_9' title='bbox 322 443 353 494; x_wconf 88' lang='lat' dir='ltr'><strong>et</strong></span> <span class='ocrx_word' id='word_1_10' title='bbox 381 437 487 512; x_wconf 86' lang='lat' dir='ltr'><strong>viginti</strong></span> <span class='ocrx_word' id='word_1_11' title='bbox 514 457 605 498; x_wconf 88' lang='lat' dir='ltr'><strong>annos</strong></span> <span class='ocrx_word' id='word_1_12' title='bbox 629 441 788 515; x_wconf 77' lang='lat' dir='ltr'><strong>inpositus3</strong></span> <span class='ocrx_word' id='word_1_13' title='bbox 809 443 919 500; x_wconf 90' lang='lat' dir='ltr'><strong>nullam</strong></span> <span class='ocrx_word' id='word_1_14' title='bbox 942 446 981 501; x_wconf 91' lang='lat' dir='ltr'><strong>ob</strong></span> 
     </span>
     <span class='ocr_line' id='line_1_3' title="bbox 101 523 1064 712; baseline 0.005 -117"><span class='ocrx_word' id='word_1_15' title='bbox 101 537 251 596; x_wconf 84' lang='lat' dir='ltr'><strong>eximiam</strong></span> <span class='ocrx_word' id='word_1_16' title='bbox 278 543 379 608; x_wconf 88' lang='lat' dir='ltr'><strong>artem,</strong></span> <span class='ocrx_word' id='word_1_17' title='bbox 400 537 451 597; x_wconf 81' lang='lat' dir='ltr'><strong>aad</strong></span> <span class='ocrx_word' id='word_1_18' title='bbox 467 538 541 616; x_wconf 86' lang='lat' dir='ltr'><strong>qnod</strong></span> <span class='ocrx_word' id='word_1_19' title='bbox 563 556 621 616; x_wconf 84' lang='lat' dir='ltr'><strong>por</strong></span> <span class='ocrx_word' id='word_1_20' title='bbox 639 539 768 613; x_wconf 77' lang='lat' dir='ltr'><strong>negotiis,</strong></span> <span class='ocrx_word' id='word_1_21' title='bbox 789 559 875 618; x_wconf 80' lang='lat' dir='ltr'><strong>nequa</strong></span> <span class='ocrx_word' id='word_1_22' title='bbox 893 559 981 620; x_wconf 82' lang='lat' dir='ltr'><strong>snpra</strong></span> <span class='ocrx_word' id='word_1_23' title='bbox 999 523 1064 712; x_wconf 52' lang='lat' dir='ltr'><strong>W)</strong></span> 
     </span>
     <span class='ocr_line' id='line_1_4' title="bbox 103 641 301 696; baseline 0.015 -2"><span class='ocrx_word' id='word_1_24' title='bbox 103 645 178 696; x_wconf 73' lang='lat' dir='ltr'><strong>nat.</strong></span> <span class='ocrx_word' id='word_1_25' title='bbox 291 641 301 654; x_wconf 85' lang='lat'><strong><em>‘</em></strong></span> 
     </span>
    </p>

    <p class='ocr_par' dir='ltr' id='par_1_3' title="bbox 101 736 1034 1710">
     <span class='ocr_line' id='line_1_5' title="bbox 148 736 1034 818; baseline 0.003 -24"><span class='ocrx_word' id='word_1_26' title='bbox 148 738 190 810; x_wconf 85' lang='lat' dir='ltr'><strong>Q.</strong></span> <span class='ocrx_word' id='word_1_27' title='bbox 214 736 355 806; x_wconf 79' lang='lat' dir='ltr'><strong>Plautius,</strong></span> <span class='ocrx_word' id='word_1_28' title='bbox 377 741 448 798; x_wconf 84' lang='lat' dir='ltr'><strong>Sex.</strong></span> <span class='ocrx_word' id='word_1_29' title='bbox 464 740 603 815; x_wconf 80' lang='lat' dir='ltr'><strong>Papinius</strong></span> <span class='ocrx_word' id='word_1_30' title='bbox 625 757 701 799; x_wconf 88' lang='lat' dir='ltr'><strong>coss.</strong></span> <span class='ocrx_word' id='word_1_31' title='bbox 729 748 893 818; x_wconf 88' lang='lat' dir='ltr'><strong>sequuntur.</strong></span> <span class='ocrx_word' id='word_1_32' title='bbox 934 741 980 802; x_wconf 87' lang='lat' dir='ltr'><strong>Eo</strong></span> <span class='ocrx_word' id='word_1_33' title='bbox 992 739 1034 798; x_wconf 85' lang='grc'><strong>40</strong></span> 
     </span>
     <span class='ocr_line' id='line_1_6' title="bbox 103 829 981 913; baseline 0.007 -19"><span class='ocrx_word' id='word_1_34' title='bbox 103 829 335 912; x_wconf 84' lang='lat' dir='ltr'><strong>aun0‚*neque</strong></span> <span class='ocrx_word' id='word_1_35' title='bbox 362 841 436 913; x_wconf 88' lang='lat' dir='ltr'><strong>quod</strong></span> <span class='ocrx_word' id='word_1_36' title='bbox 465 841 500 898; x_wconf 88' lang='lat' dir='ltr'><strong>L.</strong></span> <span class='ocrx_word' id='word_1_37' title='bbox 532 841 670 899; x_wconf 86' lang='lat' dir='ltr'><strong>Aruseius</strong></span> <span class='ocrx_word' id='word_1_38' title='bbox 699 849 790 898; x_wconf 90' lang='lat' dir='ltr'><strong>morte</strong></span> <span class='ocrx_word' id='word_1_39' title='bbox 809 843 917 900; x_wconf 76' lang='lat' dir='ltr'><strong>adfecti</strong></span> <span class='ocrx_word' id='word_1_40' title='bbox 941 843 981 900; x_wconf 87' lang='lat' dir='ltr'><strong>lo·</strong></span> 
     </span>
     <span class='ocr_line' id='line_1_7' title="bbox 101 937 978 1010; baseline 0.008 -18"><span class='ocrx_word' id='word_1_41' title='bbox 101 945 182 1003; x_wconf 87' lang='lat' dir='ltr'><strong>rent,</strong></span> <span class='ocrx_word' id='word_1_42' title='bbox 211 937 402 994; x_wconf 75' lang='lat' dir='ltr'><strong>adsuetudine</strong></span> <span class='ocrx_word' id='word_1_43' title='bbox 424 941 573 1005; x_wconf 86' lang='lat' dir='ltr'><strong>malorum,</strong></span> <span class='ocrx_word' id='word_1_44' title='bbox 594 947 624 997; x_wconf 90' lang='lat' dir='ltr'><strong>ut</strong></span> <span class='ocrx_word' id='word_1_45' title='bbox 645 947 739 1007; x_wconf 81' lang='lat' dir='ltr'><strong>atrox,</strong></span> <span class='ocrx_word' id='word_1_46' title='bbox 759 943 978 1010; x_wconf 71' lang='lat' dir='ltr'><strong>advertebatur,</strong></span> 
     </span>
     <span class='ocr_line' id='line_1_8' title="bbox 103 1036 981 1115; baseline 0.007 -23"><span class='ocrx_word' id='word_1_47' title='bbox 103 1036 158 1092; x_wconf 87' lang='lat' dir='ltr'><strong>sed</strong></span> <span class='ocrx_word' id='word_1_48' title='bbox 174 1036 327 1103; x_wconf 83' lang='lat' dir='ltr'><strong>exterruit,</strong></span> <span class='ocrx_word' id='word_1_49' title='bbox 351 1039 426 1110; x_wconf 89' lang='lat' dir='ltr'><strong>quod</strong></span> <span class='ocrx_word' id='word_1_50' title='bbox 455 1037 618 1096; x_wconf 79' lang='lat' dir='ltr'><strong>Vibulenus</strong></span> <span class='ocrx_word' id='word_1_51' title='bbox 645 1041 783 1114; x_wconf 79' lang='lat' dir='ltr'><strong>Agrippa,</strong></span> <span class='ocrx_word' id='word_1_52' title='bbox 800 1041 896 1115; x_wconf 81' lang='lat' dir='ltr'><strong>Eques</strong></span> <span class='ocrx_word' id='word_1_53' title='bbox 923 1041 981 1098; x_wconf 89' lang='lat' dir='ltr'><strong>Ro·</strong></span> 
     </span>
     <span class='ocr_line' id='line_1_9' title="bbox 105 1139 981 1212; baseline 0.006 -20"><span class='ocrx_word' id='word_1_54' title='bbox 105 1150 225 1198; x_wconf 81' lang='lat' dir='ltr'><strong>manus,</strong></span> <span class='ocrx_word' id='word_1_55' title='bbox 252 1151 318 1192; x_wconf 88' lang='lat' dir='ltr'><strong>cum</strong></span> <span class='ocrx_word' id='word_1_56' title='bbox 344 1143 526 1208; x_wconf 87' lang='lat' dir='ltr'><strong>perorassent</strong></span> <span class='ocrx_word' id='word_1_57' title='bbox 546 1145 740 1204; x_wconf 76' lang='lat' dir='ltr'><strong>accusatores,</strong></span> <span class='ocrx_word' id='word_1_58' title='bbox 755 1139 785 1196; x_wconf 89' lang='lat' dir='ltr'><strong>in</strong></span> <span class='ocrx_word' id='word_1_59' title='bbox 810 1141 872 1212; x_wconf 88' lang='lat' dir='ltr'><strong>ipsa</strong></span> <span class='ocrx_word' id='word_1_60' title='bbox 899 1141 981 1198; x_wconf 83' lang='lat' dir='ltr'><strong>curia</strong></span> 
     </span>
     <span class='ocr_line' id='line_1_10' title="bbox 104 1233 980 1312; baseline 0.01 -23"><span class='ocrx_word' id='word_1_61' title='bbox 104 1233 312 1306; x_wconf 88' lang='lat' dir='ltr'><strong>depromptum</strong></span> <span class='ocrx_word' id='word_1_62' title='bbox 335 1236 399 1293; x_wconf 88' lang='lat' dir='ltr'><strong>sina</strong></span> <span class='ocrx_word' id='word_1_63' title='bbox 424 1253 571 1294; x_wconf 88' lang='lat' dir='ltr'><strong>venenum</strong></span> <span class='ocrx_word' id='word_1_64' title='bbox 593 1237 704 1306; x_wconf 71' lang='lat' dir='ltr'><strong>hausitr</strong></span> <span class='ocrx_word' id='word_1_65' title='bbox 726 1240 930 1312; x_wconf 84' lang='lat' dir='ltr'><strong>prolapsusque</strong></span> <span class='ocrx_word' id='word_1_66' title='bbox 945 1255 980 1298; x_wconf 84' lang='lat' dir='ltr'><strong>ac</strong></span> 
     </span>
     <span class='ocr_line' id='line_1_11' title="bbox 106 1331 981 1401; baseline 0.006 -11"><span class='ocrx_word' id='word_1_67' title='bbox 106 1331 310 1401; x_wconf 88' lang='lat' dir='ltr'><strong>moribundus,</strong></span> <span class='ocrx_word' id='word_1_68' title='bbox 332 1333 478 1392; x_wconf 80' lang='lat' dir='ltr'><strong>festinatis</strong></span> <span class='ocrx_word' id='word_1_69' title='bbox 505 1335 639 1394; x_wconf 88' lang='lat' dir='ltr'><strong>lictorum</strong></span> <span class='ocrx_word' id='word_1_70' title='bbox 666 1337 799 1394; x_wconf 87' lang='lat' dir='ltr'><strong>manibus</strong></span> <span class='ocrx_word' id='word_1_71' title='bbox 823 1337 854 1394; x_wconf 91' lang='lat' dir='ltr'><strong>in</strong></span> <span class='ocrx_word' id='word_1_72' title='bbox 883 1353 981 1396; x_wconf 87' lang='lat' dir='ltr'><strong>carce·</strong></span> 
     </span>
     <span class='ocr_line' id='line_1_12' title="bbox 105 1423 980 1512; baseline 0.007 -23"><span class='ocrx_word' id='word_1_73' title='bbox 105 1448 170 1490; x_wconf 89' lang='lat' dir='ltr'><strong>rem</strong></span> <span class='ocrx_word' id='word_1_74' title='bbox 192 1439 290 1506; x_wconf 87' lang='lat' dir='ltr'><strong>raptus</strong></span> <span class='ocrx_word' id='word_1_75' title='bbox 309 1441 362 1498; x_wconf 83' lang='lat' dir='ltr'><strong>est,</strong></span> <span class='ocrx_word' id='word_1_76' title='bbox 376 1433 531 1510; x_wconf 80' lang='lat' dir='ltr'><strong>faucesque</strong></span> <span class='ocrx_word' id='word_1_77' title='bbox 552 1435 610 1492; x_wconf 85' lang='lat' dir='ltr'><strong>iam</strong></span> <span class='ocrx_word' id='word_1_78' title='bbox 632 1423 775 1494; x_wconf 73' lang='lat' dir='ltr'><strong>unanimis</strong></span> <span class='ocrx_word' id='word_1_79' title='bbox 791 1438 893 1512; x_wconf 86' lang='lat' dir='ltr'><strong>laqueo</strong></span> <span class='ocrx_word' id='word_1_80' title='bbox 909 1455 980 1495; x_wconf 85' lang='lat' dir='ltr'><strong>vex·</strong></span> 
     </span>
     <span class='ocr_line' id='line_1_13' title="bbox 107 1533 980 1611; baseline 0.007 -23"><span class='ocrx_word' id='word_1_81' title='bbox 107 1537 189 1590; x_wconf 86' lang='lat' dir='ltr'><strong>atae.</strong></span> <span class='ocrx_word' id='word_1_82' title='bbox 250 1533 299 1590; x_wconf 90' lang='lat' dir='ltr'><strong>Ne</strong></span> <span class='ocrx_word' id='word_1_83' title='bbox 330 1533 477 1608; x_wconf 79' lang='lat' dir='ltr'><strong>Tigranes</strong></span> <span class='ocrx_word' id='word_1_84' title='bbox 504 1533 630 1608; x_wconf 79' lang='lat' dir='ltr'><strong>quidem.</strong></span> <span class='ocrx_word' id='word_1_85' title='bbox 658 1537 799 1593; x_wconf 85' lang='lat' dir='ltr'><strong>Armenia</strong></span> <span class='ocrx_word' id='word_1_86' title='bbox 835 1537 980 1611; x_wconf 90' lang='lat' dir='ltr'><strong>quondam</strong></span> 
     </span>
     <span class='ocr_line' id='line_1_14' title="bbox 107 1631 981 1710; baseline 0.005 -22"><span class='ocrx_word' id='word_1_87' title='bbox 107 1631 286 1706; x_wconf 66' lang='lat' dir='ltr'><strong>politanae</strong></span> <span class='ocrx_word' id='word_1_88' title='bbox 319 1638 390 1690; x_wconf 91' lang='lat' dir='ltr'><strong>tunc</strong></span> <span class='ocrx_word' id='word_1_89' title='bbox 417 1651 491 1702; x_wconf 89' lang='lat' dir='ltr'><strong>reus,</strong></span> <span class='ocrx_word' id='word_1_90' title='bbox 511 1634 629 1691; x_wconf 89' lang='lat' dir='ltr'><strong>nomine</strong></span> <span class='ocrx_word' id='word_1_91' title='bbox 656 1633 751 1708; x_wconf 88' lang='lat' dir='ltr'><strong>Regio</strong></span> <span class='ocrx_word' id='word_1_92' title='bbox 773 1636 917 1710; x_wconf 87' lang='lat' dir='ltr'><strong>supplicia</strong></span> <span class='ocrx_word' id='word_1_93' title='bbox 940 1635 981 1692; x_wconf 91' lang='lat' dir='ltr'><strong>ci·</strong></span> 
     </span>
    </p>

    <p class='ocr_par' dir='ltr' id='par_1_4' title="bbox 33 1720 983 2798">
     <span class='ocr_line' id='line_1_15' title="bbox 33 1720 982 1806; baseline 0.001 -18"><span class='ocrx_word' id='word_1_94' title='bbox 33 1720 39 1734; x_wconf 88' lang='grc'>’</span> <span class='ocrx_word' id='word_1_95' title='bbox 87 1725 193 1790; x_wconf 67' lang='lat' dir='ltr'><strong>&#39;vium</strong></span> <span class='ocrx_word' id='word_1_96' title='bbox 227 1730 335 1806; x_wconf 84' lang='lat' dir='ltr'><strong>effugit.</strong></span> <span class='ocrx_word' id='word_1_97' title='bbox 383 1733 426 1791; x_wconf 83' lang='lat' dir='ltr'><strong>At</strong></span> <span class='ocrx_word' id='word_1_98' title='bbox 457 1727 622 1801; x_wconf 60' lang='lat' dir='ltr'><strong>&amp;Galba</strong></span> <span class='ocrx_word' id='word_1_99' title='bbox 651 1733 827 1800; x_wconf 82' lang='lat' dir='ltr'><strong>Consularis,</strong></span> <span class='ocrx_word' id='word_1_100' title='bbox 855 1741 884 1791; x_wconf 87' lang='lat' dir='ltr'><strong>et</strong></span> <span class='ocrx_word' id='word_1_101' title='bbox 923 1734 982 1790; x_wconf 89' lang='lat' dir='ltr'><strong>dno</strong></span> 
     </span>
     <span class='ocr_line' id='line_1_16' title="bbox 105 1825 981 1898; baseline 0.001 -9"><span class='ocrx_word' id='word_1_102' title='bbox 105 1831 215 1889; x_wconf 86' lang='lat' dir='ltr'><strong>Blaesi</strong></span> <span class='ocrx_word' id='word_1_103' title='bbox 239 1830 405 1888; x_wconf 89' lang='lat' dir='ltr'><strong>voluntario</strong></span> <span class='ocrx_word' id='word_1_104' title='bbox 431 1831 513 1888; x_wconf 83' lang='lat' dir='ltr'><strong>exitu</strong></span> <span class='ocrx_word' id='word_1_105' title='bbox 540 1825 696 1889; x_wconf 66' lang='lat' dir='ltr'><strong>cecidere:</strong></span> <span class='ocrx_word' id='word_1_106' title='bbox 718 1833 824 1898; x_wconf 79' lang='lat' dir='ltr'><strong>Galba,</strong></span> <span class='ocrx_word' id='word_1_107' title='bbox 852 1833 981 1890; x_wconf 89' lang='lat' dir='ltr'><strong>tristibus</strong></span> 
     </span>
     <span class='ocr_line' id='line_1_17' title="bbox 111 1929 982 2006; baseline 0.002 -18"><span class='ocrx_word' id='word_1_108' title='bbox 111 1930 249 2006; x_wconf 80' lang='lat' dir='ltr'><strong>Caesaris</strong></span> <span class='ocrx_word' id='word_1_109' title='bbox 271 1929 374 1988; x_wconf 89' lang='lat' dir='ltr'><strong>litteris</strong></span> <span class='ocrx_word' id='word_1_110' title='bbox 388 1930 569 2003; x_wconf 86' lang='lat' dir='ltr'><strong>provinciam</strong></span> <span class='ocrx_word' id='word_1_111' title='bbox 583 1931 687 1999; x_wconf 86' lang='lat' dir='ltr'><strong>sortiri,</strong></span> <span class='ocrx_word' id='word_1_112' title='bbox 701 1932 860 2005; x_wconf 89' lang='lat' dir='ltr'><strong>prohibitus</strong></span> <span class='ocrx_word' id='word_1_113' title='bbox 873 1952 881 2002; x_wconf 83' lang='lat'>3</span> <span class='ocrx_word' id='word_1_114' title='bbox 898 1934 982 1991; x_wconf 88' lang='lat' dir='ltr'><strong>Blae·</strong></span> 
     </span>
     <span class='ocr_line' id='line_1_18' title="bbox 110 2027 982 2105; baseline 0.003 -18"><span class='ocrx_word' id='word_1_115' title='bbox 110 2029 152 2087; x_wconf 89' lang='lat' dir='ltr'><strong>sis</strong></span> <span class='ocrx_word' id='word_1_116' title='bbox 167 2029 339 2097; x_wconf 85' lang='lat' dir='ltr'><strong>sacerdotia,</strong></span> <span class='ocrx_word' id='word_1_117' title='bbox 367 2027 480 2105; x_wconf 88' lang='lat' dir='ltr'><strong>integra</strong></span> <span class='ocrx_word' id='word_1_118' title='bbox 507 2047 606 2086; x_wconf 87' lang='lat' dir='ltr'><strong>eor-um</strong></span> <span class='ocrx_word' id='word_1_119' title='bbox 627 2031 713 2088; x_wconf 87' lang='lat' dir='ltr'><strong>doma</strong></span> <span class='ocrx_word' id='word_1_120' title='bbox 735 2030 891 2098; x_wconf 87' lang='lat' dir='ltr'><strong>destinata,</strong></span> <span class='ocrx_word' id='word_1_121' title='bbox 911 2049 982 2090; x_wconf 90' lang='lat' dir='ltr'><strong>cou-</strong></span> 
     </span>
     <span class='ocr_line' id='line_1_19' title="bbox 111 2127 981 2198; baseline 0 -12"><span class='ocrx_word' id='word_1_122' title='bbox 111 2127 383 2198; x_wconf 80' lang='lat' dir='ltr'><strong>vulsadistuterat3</strong></span> <span class='ocrx_word' id='word_1_123' title='bbox 409 2135 488 2194; x_wconf 87' lang='lat' dir='ltr'><strong>tunc,</strong></span> <span class='ocrx_word' id='word_1_124' title='bbox 511 2134 541 2186; x_wconf 92' lang='lat' dir='ltr'><strong>ut</strong></span> <span class='ocrx_word' id='word_1_125' title='bbox 566 2145 671 2196; x_wconf 83' lang='lat' dir='ltr'><strong>vacua,</strong></span> <span class='ocrx_word' id='word_1_126' title='bbox 695 2129 820 2186; x_wconf 87' lang='lat' dir='ltr'><strong>contulit</strong></span> <span class='ocrx_word' id='word_1_127' title='bbox 843 2128 874 2184; x_wconf 94' lang='lat' dir='ltr'><strong>in</strong></span> <span class='ocrx_word' id='word_1_128' title='bbox 899 2129 981 2186; x_wconf 89' lang='lat' dir='ltr'><strong>alios.</strong></span> 
     </span>
     <span class='ocr_line' id='line_1_20' title="bbox 111 2227 981 2303; baseline -0.001 -18"><span class='ocrx_word' id='word_1_129' title='bbox 111 2229 189 2303; x_wconf 90' lang='lat' dir='ltr'><strong>quod</strong></span> <span class='ocrx_word' id='word_1_130' title='bbox 213 2227 328 2300; x_wconf 89' lang='lat' dir='ltr'><strong>siguum</strong></span> <span class='ocrx_word' id='word_1_131' title='bbox 355 2227 455 2285; x_wconf 87' lang='lat' dir='ltr'><strong>mortis</strong></span> <span class='ocrx_word' id='word_1_132' title='bbox 479 2227 724 2296; x_wconf 57' lang='lat' dir='ltr'><strong>intellexerant</strong></span> <span class='ocrx_word' id='word_1_133' title='bbox 751 2227 884 2282; x_wconf 86' lang='lat' dir='ltr'><strong>exsecuti</strong></span> <span class='ocrx_word' id='word_1_134' title='bbox 905 2233 981 2284; x_wconf 88' lang='lat' dir='ltr'><strong>suut.</strong></span> 
     </span>
     <span class='ocr_line' id='line_1_21' title="bbox 112 2316 983 2402; baseline -0.005 -16"><span class='ocrx_word' id='word_1_135' title='bbox 112 2326 156 2386; x_wconf 84' lang='lat' dir='ltr'><strong>Et</strong></span> <span class='ocrx_word' id='word_1_136' title='bbox 184 2325 312 2385; x_wconf 85' lang='lat' dir='ltr'><strong>Aemilia</strong></span> <span class='ocrx_word' id='word_1_137' title='bbox 327 2327 450 2400; x_wconf 84' lang='lat' dir='ltr'><strong>Lepida,</strong></span> <span class='ocrx_word' id='word_1_138' title='bbox 464 2343 549 2402; x_wconf 89' lang='lat' dir='ltr'><strong>quam</strong></span> <span class='ocrx_word' id='word_1_139' title='bbox 576 2316 679 2383; x_wconf 78' lang='lat' dir='ltr'><strong>iuieoi</strong></span> <span class='ocrx_word' id='word_1_140' title='bbox 694 2325 790 2382; x_wconf 88' lang='lat' dir='ltr'><strong>Druso</strong></span> <span class='ocrx_word' id='word_1_141' title='bbox 809 2331 926 2397; x_wconf 87' lang='lat' dir='ltr'><strong>nuptam</strong></span> <span class='ocrx_word' id='word_1_142' title='bbox 942 2343 983 2383; x_wconf 88' lang='lat' dir='ltr'><strong>re·</strong></span> 
     </span>
     <span class='ocr_line' id='line_1_22' title="bbox 112 2423 983 2498; baseline -0.003 -14"><span class='ocrx_word' id='word_1_143' title='bbox 112 2427 180 2494; x_wconf 89' lang='lat' dir='ltr'><strong>tuli,</strong></span> <span class='ocrx_word' id='word_1_144' title='bbox 206 2425 315 2483; x_wconf 87' lang='lat' dir='ltr'><strong>crebris</strong></span> <span class='ocrx_word' id='word_1_145' title='bbox 347 2425 517 2483; x_wconf 86' lang='lat' dir='ltr'><strong>criminibus</strong></span> <span class='ocrx_word' id='word_1_146' title='bbox 545 2423 690 2482; x_wconf 84' lang='lat' dir='ltr'><strong>maritum&#39;</strong></span> <span class='ocrx_word' id='word_1_147' title='bbox 712 2423 853 2490; x_wconf 84' lang='lat' dir='ltr'><strong>insecuta,</strong></span> <span class='ocrx_word' id='word_1_148' title='bbox 887 2441 983 2498; x_wconf 86' lang='lat' dir='ltr'><strong>quarn·</strong></span> 
     </span>
     <span class='ocr_line' id='line_1_23' title="bbox 114 2509 982 2601; baseline -0.001 -19"><span class='ocrx_word' id='word_1_149' title='bbox 114 2541 201 2601; x_wconf 89' lang='lat' dir='ltr'><strong>quam</strong></span> <span class='ocrx_word' id='word_1_150' title='bbox 229 2523 413 2591; x_wconf 76' lang='lat' dir='ltr'><strong>intestabilis,</strong></span> <span class='ocrx_word' id='word_1_151' title='bbox 428 2509 525 2582; x_wconf 80' lang='lat' dir='ltr'><strong>tamen</strong></span> <span class='ocrx_word' id='word_1_152' title='bbox 540 2523 673 2597; x_wconf 88' lang='lat' dir='ltr'><strong>inpunita</strong></span> <span class='ocrx_word' id='word_1_153' title='bbox 702 2525 816 2597; x_wconf 87' lang='lat' dir='ltr'><strong>agebat,</strong></span> <span class='ocrx_word' id='word_1_154' title='bbox 843 2523 911 2580; x_wconf 88' lang='lat' dir='ltr'><strong>dum</strong></span> <span class='ocrx_word' id='word_1_155' title='bbox 938 2539 982 2581; x_wconf 91' lang='lat' dir='ltr'><strong>su·</strong></span> 
     </span>
     <span class='ocr_line' id='line_1_24' title="bbox 111 2622 983 2700; baseline -0.002 -18"><span class='ocrx_word' id='word_1_156' title='bbox 111 2625 220 2700; x_wconf 87' lang='lat' dir='ltr'><strong>perluit</strong></span> <span class='ocrx_word' id='word_1_157' title='bbox 249 2629 331 2697; x_wconf 88' lang='lat' dir='ltr'><strong>peter</strong></span> <span class='ocrx_word' id='word_1_158' title='bbox 357 2624 508 2698; x_wconf 58' lang='lat' dir='ltr'><strong>Lepidum</strong></span> <span class='ocrx_word' id='word_1_159' title='bbox 533 2629 597 2695; x_wconf 89' lang='lat' dir='ltr'><strong>post</strong></span> <span class='ocrx_word' id='word_1_160' title='bbox 622 2639 639 2679; x_wconf 91' lang='lat' dir='ltr'><strong>a</strong></span> <span class='ocrx_word' id='word_1_161' title='bbox 662 2622 839 2680; x_wconf 85' lang='lat' dir='ltr'><strong>delatoribus</strong></span> <span class='ocrx_word' id='word_1_162' title='bbox 864 2622 983 2698; x_wconf 90' lang='lat' dir='ltr'><strong>corripi·</strong></span> 
     </span>
     <span class='ocr_line' id='line_1_25' title="bbox 114 2719 983 2798; baseline -0.001 -17"><span class='ocrx_word' id='word_1_163' title='bbox 114 2729 161 2782; x_wconf 87' lang='lat' dir='ltr'><strong>tur</strong></span> <span class='ocrx_word' id='word_1_164' title='bbox 173 2726 211 2780; x_wconf 89' lang='lat' dir='ltr'><strong>ob</strong></span> <span class='ocrx_word' id='word_1_165' title='bbox 225 2741 341 2780; x_wconf 88' lang='lat' dir='ltr'><strong>servum</strong></span> <span class='ocrx_word' id='word_1_166' title='bbox 362 2723 540 2780; x_wconf 82' lang='lat' dir='ltr'><strong>arlnlterurn:</strong></span> <span class='ocrx_word' id='word_1_167' title='bbox 562 2739 618 2780; x_wconf 91' lang='lat' dir='ltr'><strong>nec</strong></span> <span class='ocrx_word' id='word_1_168' title='bbox 639 2719 822 2779; x_wconf 84' lang='lat' dir='ltr'><strong>dubitabatur</strong></span> <span class='ocrx_word' id='word_1_169' title='bbox 853 2722 890 2778; x_wconf 87' lang='lat' dir='ltr'><strong>de</strong></span> <span class='ocrx_word' id='word_1_170' title='bbox 904 2721 983 2798; x_wconf 82' lang='lat' dir='ltr'><strong>flagi·</strong></span> 
     </span>
    </p>
   </div>
   <div class='ocr_carea' id='block_1_3' title="bbox 3 2820 1078 3291">
    <p class='ocr_par' dir='ltr' id='par_1_5' title="bbox 115 2820 983 2897">
     <span class='ocr_line' id='line_1_26' title="bbox 115 2820 983 2897; baseline -0.003 -16"><span class='ocrx_word' id='word_1_171' title='bbox 115 2823 165 2882; x_wconf 88' lang='lat' dir='ltr'><strong>tio.</strong></span> <span class='ocrx_word' id='word_1_172' title='bbox 194 2839 273 2897; x_wconf 82' lang='lat' dir='ltr'><strong>ergo,</strong></span> <span class='ocrx_word' id='word_1_173' title='bbox 299 2823 406 2880; x_wconf 85' lang='lat' dir='ltr'><strong>omissa</strong></span> <span class='ocrx_word' id='word_1_174' title='bbox 427 2821 608 2888; x_wconf 77' lang='lat' dir='ltr'><strong>defensione,</strong></span> <span class='ocrx_word' id='word_1_175' title='bbox 635 2821 732 2878; x_wconf 43' lang='lat' dir='ltr'><strong>tinem*</strong></span> <span class='ocrx_word' id='word_1_176' title='bbox 751 2821 832 2878; x_wconf 86' lang='lat' dir='ltr'><strong>vitae</strong></span> <span class='ocrx_word' id='word_1_177' title='bbox 857 2820 915 2878; x_wconf 90' lang='lat' dir='ltr'><strong>sibi</strong></span> <span class='ocrx_word' id='word_1_178' title='bbox 934 2839 983 2896; x_wconf 90' lang='lat' dir='ltr'><strong>po·</strong></span> 
     </span>
    </p>

    <p class='ocr_par' dir='ltr' id='par_1_6' title="bbox 115 2903 1058 2994">
     <span class='ocr_line' id='line_1_27' title="bbox 115 2903 1058 2994; baseline -0.004 -14"><span class='ocrx_word' id='word_1_179' title='bbox 115 2923 181 2980; x_wconf 86' lang='lat' dir='ltr'><strong>suit.</strong></span> <span class='ocrx_word' id='word_1_180' title='bbox 224 2921 376 2978; x_wconf 85' lang='lat' dir='ltr'><strong>Paridem</strong></span> <span class='ocrx_word' id='word_1_181' title='bbox 394 2927 507 2993; x_wconf 87' lang='lat' dir='ltr'><strong>tempus</strong></span> <span class='ocrx_word' id='word_1_182' title='bbox 535 2911 787 2988; x_wconf 77' lang='lat' dir='ltr'><strong>critarum&#39;nstio,</strong></span> <span class='ocrx_word' id='word_1_183' title='bbox 812 2903 1032 2994; x_wconf 74' lang='lat' dir='ltr'><strong>cappacooi&#39;tl</strong></span> <span class='ocrx_word' id='word_1_184' title='bbox 1057 2927 1058 2932; x_wconf 76' lang='grc'>’</span> 
     </span>
    </p>

    <p class='ocr_par' dir='ltr' id='par_1_7' title="bbox 3 3018 1078 3291">
     <span class='ocr_line' id='line_1_28' title="bbox 118 3018 983 3094; baseline -0.003 -14"><span class='ocrx_word' id='word_1_185' title='bbox 118 3023 268 3080; x_wconf 80' lang='lat' dir='ltr'><strong>Archelao</strong></span> <span class='ocrx_word' id='word_1_186' title='bbox 281 3019 423 3086; x_wconf 87' lang='lat' dir='ltr'><strong>subiecta,</strong></span> <span class='ocrx_word' id='word_1_187' title='bbox 449 3019 517 3094; x_wconf 89' lang='lat' dir='ltr'><strong>qnia</strong></span> <span class='ocrx_word' id='word_1_188' title='bbox 532 3023 658 3076; x_wconf 89' lang='lat' dir='ltr'><strong>nostrum</strong></span> <span class='ocrx_word' id='word_1_189' title='bbox 685 3018 716 3076; x_wconf 91' lang='lat' dir='ltr'><strong>in</strong></span> <span class='ocrx_word' id='word_1_190' title='bbox 739 3021 854 3078; x_wconf 86' lang='lat' dir='ltr'><strong>modum</strong></span> <span class='ocrx_word' id='word_1_191' title='bbox 871 3021 983 3078; x_wconf 83' lang='lat' dir='ltr'><strong>deterre</strong></span> 
     </span>
     <span class='ocr_line' id='line_1_29' title="bbox 116 3116 1078 3192; baseline -0.005 -14.526"><span class='ocrx_word' id='word_1_192' title='bbox 116 3137 230 3183; x_wconf 80' lang='lat' dir='ltr'><strong>census,</strong></span> <span class='ocrx_word' id='word_1_193' title='bbox 255 3118 435 3192; x_wconf 85' lang='lat' dir='ltr'><strong>patitributa</strong></span> <span class='ocrx_word' id='word_1_194' title='bbox 461 3117 638 3190; x_wconf 84' lang='lat' dir='ltr'><strong>adigebatur,</strong></span> <span class='ocrx_word' id='word_1_195' title='bbox 656 3116 688 3174; x_wconf 91' lang='lat' dir='ltr'><strong>iu</strong></span> <span class='ocrx_word' id='word_1_196' title='bbox 714 3117 782 3190; x_wconf 87' lang='lat' dir='ltr'><strong>iuga</strong></span> <span class='ocrx_word' id='word_1_197' title='bbox 797 3117 890 3174; x_wconf 79' lang='lat' dir='ltr'><strong>Tauri</strong></span> <span class='ocrx_word' id='word_1_198' title='bbox 904 3135 984 3174; x_wconf 87' lang='lat' dir='ltr'><strong>mon·</strong></span> <span class='ocrx_word' id='word_1_199' title='bbox 1077 3147 1078 3158; x_wconf 31' lang='grc' dir='ltr'><strong>κ</strong></span> 
     </span>
     <span class='ocr_line' id='line_1_30' title="bbox 3 3211 984 3291; baseline -0.005 -14"><span class='ocrx_word' id='word_1_200' title='bbox 3 3211 4 3222; x_wconf 67' lang='grc'>’</span> <span class='ocrx_word' id='word_1_201' title='bbox 116 3219 153 3276; x_wconf 89' lang='lat' dir='ltr'><strong>tis</strong></span> <span class='ocrx_word' id='word_1_202' title='bbox 167 3217 331 3276; x_wconf 83' lang='lat' dir='ltr'><strong>abscessit:</strong></span> <span class='ocrx_word' id='word_1_203' title='bbox 352 3218 536 3291; x_wconf 85' lang='lat' dir='ltr'><strong>locorumque</strong></span> <span class='ocrx_word' id='word_1_204' title='bbox 558 3215 679 3290; x_wconf 87' lang='lat' dir='ltr'><strong>ingenio</strong></span> <span class='ocrx_word' id='word_1_205' title='bbox 695 3233 761 3272; x_wconf 86' lang='lat' dir='ltr'><strong>sese</strong></span> <span class='ocrx_word' id='word_1_206' title='bbox 776 3221 876 3273; x_wconf 88' lang='lat' dir='ltr'><strong>contra</strong></span> <span class='ocrx_word' id='word_1_207' title='bbox 892 3215 984 3272; x_wconf 89' lang='lat' dir='ltr'><strong>inbel-</strong></span> 
     </span>
    </p>
   </div>
   <div class='ocr_carea' id='block_1_4' title="bbox 3 3363 984 3604">
    <p class='ocr_par' dir='ltr' id='par_1_8' title="bbox 3 3363 984 3604">
     <span class='ocr_line' id='line_1_31' title="bbox 3 3363 984 3432; baseline -0.014 -8"><span class='ocrx_word' id='word_1_208' title='bbox 3 3419 4 3424; x_wconf 74' lang='grc'>,</span> <span class='ocrx_word' id='word_1_209' title='bbox 146 3371 218 3419; x_wconf 80' lang='lat' dir='ltr'><strong>Galba</strong></span> <span class='ocrx_word' id='word_1_210' title='bbox 228 3371 329 3419; x_wconf 73' lang='lat' dir='ltr'><strong>tristibus</strong></span> <span class='ocrx_word' id='word_1_211' title='bbox 338 3369 438 3420; x_wconf 66' lang='lat' dir='ltr'><strong>Ourania</strong></span> <span class='ocrx_word' id='word_1_212' title='bbox 447 3369 536 3430; x_wconf 72' lang='lat' dir='ltr'><strong>litteris]</strong></span> <span class='ocrx_word' id='word_1_213' title='bbox 567 3369 649 3416; x_wconf 84' lang='lat' dir='ltr'><strong>Frater</strong></span> <span class='ocrx_word' id='word_1_214' title='bbox 658 3378 692 3414; x_wconf 85' lang='lat' dir='ltr'><strong>est</strong></span> <span class='ocrx_word' id='word_1_215' title='bbox 701 3368 767 3423; x_wconf 85' lang='lat' dir='ltr'><strong>illius,</strong></span> <span class='ocrx_word' id='word_1_216' title='bbox 778 3366 815 3427; x_wconf 88' lang='lat' dir='ltr'><strong>qui</strong></span> <span class='ocrx_word' id='word_1_217' title='bbox 830 3367 908 3432; x_wconf 72' lang='lat' dir='ltr'><strong>postea</strong></span> <span class='ocrx_word' id='word_1_218' title='bbox 919 3363 984 3410; x_wconf 86' lang='lat' dir='ltr'><strong>Prin·</strong></span> 
     </span>
     <span class='ocr_line' id='line_1_32' title="bbox 3 3423 984 3488; baseline -0.018 -9"><span class='ocrx_word' id='word_1_219' title='bbox 3 3425 5 3436; x_wconf 81' lang='grc'>’</span> <span class='ocrx_word' id='word_1_220' title='bbox 119 3443 144 3477; x_wconf 77' lang='lat' dir='ltr'><strong>ee</strong></span> <span class='ocrx_word' id='word_1_221' title='bbox 198 3433 260 3477; x_wconf 72' lang='lat' dir='ltr'><strong>aust.</strong></span> <span class='ocrx_word' id='word_1_222' title='bbox 277 3430 343 3476; x_wconf 80' lang='lat' dir='ltr'><strong>uara.</strong></span> <span class='ocrx_word' id='word_1_223' title='bbox 365 3435 385 3476; x_wconf 85' lang='lat' dir='ltr'><strong>a.</strong></span> <span class='ocrx_word' id='word_1_224' title='bbox 418 3431 488 3477; x_wconf 69' lang='lat' dir='ltr'><strong>caso</strong></span> <span class='ocrx_word' id='word_1_225' title='bbox 510 3426 755 3484; x_wconf 63' lang='lat' dir='ltr'><strong>renascebantur</strong></span> <span class='ocrx_word' id='word_1_226' title='bbox 772 3423 828 3468; x_wconf 69' lang='lat' dir='ltr'><strong>urse</strong></span> <span class='ocrx_word' id='word_1_227' title='bbox 843 3425 911 3488; x_wconf 58' lang='lat' dir='ltr'><strong>casp,</strong></span> <span class='ocrx_word' id='word_1_228' title='bbox 933 3433 984 3476; x_wconf 65' lang='lat' dir='ltr'><strong>m.</strong></span> 
     </span>
     <span class='ocr_line' id='line_1_33' title="bbox 117 3445 983 3604; baseline -0.017 -65"><span class='ocrx_word' id='word_1_229' title='bbox 117 3445 367 3604; x_wconf 49' lang='grc' dir='ltr'><strong>ῗξτὲἒιεῳόῦἒίὸιήο</strong></span> <span class='ocrx_word' id='word_1_230' title='bbox 381 3490 459 3538; x_wconf 70' lang='lat' dir='ltr'><strong>artari</strong></span> <span class='ocrx_word' id='word_1_231' title='bbox 467 3503 527 3537; x_wconf 81' lang='lat' dir='ltr'><strong>nnnc</strong></span> <span class='ocrx_word' id='word_1_232' title='bbox 534 3500 573 3534; x_wconf 80' lang='lat' dir='ltr'><strong>aare</strong></span> <span class='ocrx_word' id='word_1_233' title='bbox 582 3484 781 3539; x_wconf 69' lang='lat' dir='ltr'><strong>ammonam,</strong></span> <span class='ocrx_word' id='word_1_234' title='bbox 791 3479 918 3526; x_wconf 78' lang='lat' dir='ltr'><strong>wlantcns</strong></span> <span class='ocrx_word' id='word_1_235' title='bbox 925 3490 983 3524; x_wconf 85' lang='lat' dir='ltr'><strong>mor-</strong></span> 
     </span>
    </p>
   </div>
   <div class='ocr_carea' id='block_1_5' title="bbox 158 3627 591 3688">
    <p class='ocr_par' dir='ltr' id='par_1_9' title="bbox 158 3627 591 3688">
     <span class='ocr_line' id='line_1_34' title="bbox 158 3627 591 3688; baseline -0.016 -1"><span class='ocrx_word' id='word_1_236' title='bbox 158 3645 231 3688; x_wconf 79' lang='lat' dir='ltr'><strong>von.</strong></span> <span class='ocrx_word' id='word_1_237' title='bbox 253 3647 275 3686; x_wconf 90' lang='lat' dir='ltr'><strong>r.</strong></span> <span class='ocrx_word' id='word_1_238' title='bbox 553 3627 591 3680; x_wconf 78' lang='lat'><strong>23</strong></span> 
     </span>
    </p>
   </div>
   <div class='ocr_carea' id='block_1_6' title="bbox 0 0 1101 3846">
    <p class='ocr_par' dir='ltr' id='par_1_10' title="bbox 0 0 1101 3846">
     <span class='ocr_line' id='line_1_35' title="bbox 0 0 1101 3846; baseline 0 0"><span class='ocrx_word' id='word_1_239' title='bbox 0 0 1101 3846; x_wconf 95' lang='lat' dir='ltr'><strong> </strong></span> 
     </span>
    </p>
   </div>
  </div>
 </body>
</html>
