2186 3850
92 197 277 278 nens.
385 188 454 244 nra.
482 193 680 244 narn-cur.
698 173 757 244 37.
775 173 833 244 38.
948 171 1023 242 377

148 355 245 420 ‘sera
268 355 453 423 praesentem
478 349 676 425 potioremque
703 347 888 424 sequeretur?
928 339 1075 408 uruat-38

146 455 214 508 tarn
228 449 347 514 dehinc,
371 449 471 524 ‘quin
491 447 723 508 commeantibus
744 447 875 506 invicem
902 447 1023 518 nuntiis,

146 548 249 606 ‘nitril
283 547 315 605 in
341 564 484 606 summam
511 546 592 618 pacis
619 546 832 620 proiciebatur,
865 545 1023 620 conloquio

148 647 299 720 ‘ipsorum
326 654 438 718 tempus
466 648 619 720 locumque
645 644 795 704 destinari.
837 645 923 704 Mille
944 646 1023 720 equi·

149 749 236 804 ‘tum
257 743 451 819 praesidium?
472 744 632 812 Tiridates,
654 745 771 804 ‘adiore
792 742 867 812 sibi‚’
885 744 1021 816 dicebal;

147 849 308 919 ‘qnantum
323 843 482 902 Corbuloni
502 844 640 920 cuiusque
654 844 769 919 generis
784 843 910 904 militum
933 841 1023 900 adsis·

112 925 123 943 ⁶
149 947 257 1018 fleret,
279 950 488 1012 nouolutum,
514 945 592 1014 dum,
621 943 723 1018 positis
751 943 848 1002 loricis
868 947 899 1000 et
920 941 1023 1017 galeis,

150 1042 323 1102 ‘infaciem
338 1043 419 1116 pacis
432 1041 601 1102 veniretur!
641 1041 822 1116 Cuicumque
847 1041 1022 1109 mortalium,

151 1142 262 1202 nedum
276 1141 369 1199 veteri
383 1147 413 1199 et
428 1142 551 1215 provido
571 1141 660 1209 Duci,
685 1143 822 1198 barbarae
837 1139 962 1200 astutine
975 1156 1023 1213 pa-

152 1240 287 1300 tuissent.
329 1241 402 1298 ldeo
415 1245 508 1298 artum
521 1240 591 1298 inde
615 1257 766 1298 numerum
789 1238 876 1307 liniri,
898 1243 928 1296 et
952 1238 1023 1296 hinc

151 1337 292 1398 maiorem
306 1338 420 1418 adlerri,
433 1344 465 1396 nt
478 1341 562 1398 dolus
587 1345 742 1413 pararetur.
764 1355 831 1396 nam
855 1337 955 1410 equiti,
980 1354 1023 1396 sa-

149 1437 288 1514 gittarum
302 1456 355 1496 usu
367 1438 509 1507 exercito,
530 1439 556 1496 si
579 1439 697 1496 detecta
720 1453 840 1511 corpora
861 1437 1023 1496 obiiceren-

148 1541 206 1604 tur,
239 1536 312 1596 nihil
341 1536 515 1610 profuturam
542 1537 767 1596 multitudinem.
829 1536 1023 1596 Dissimulato

149 1641 252 1696 minen
265 1635 428 1703 intellectu,
448 1637 575 1695 ‘rectius
588 1639 626 1696 de
640 1637 696 1704 uis,
719 1655 793 1712 quae
817 1637 848 1696 in
873 1635 1021 1711 publicum

146 1739 156 1768 ‘
168 1737 397 1804 consulerentur,
411 1735 480 1794 totis
494 1736 671 1796 exercitibus
684 1753 782 1796 coram
800 1732 1022 1803 dissertaturos?

146 1835 308 1909 respondit.
348 1836 516 1911 Locumque
529 1836 649 1910 delegit,
671 1835 754 1894 cuius
768 1819 844 1908 pars'
857 1837 949 1892 altera
962 1835 1022 1894 col·

147 1935 307 2006 leserunt,
330 1936 493 1992 clementer
516 1935 714 2010 adsurgentes,
739 1932 920 2005 accipiendis
942 1930 1021 2005 pedi·

149 2037 213 2092 tum
235 2031 404 2102 ordinibus;
424 2051 491 2106 pars
517 2033 548 2092 in
573 2033 726 2106 planitiem
749 2031 955 2106 porrigebatur,
983 2030 1021 2087 ad

151 2131 344 2204 explicandas
370 2132 500 2207 equitum
520 2139 637 2190 tur-as.
692 2131 807 2206 Dieque
829 2135 924 2204 pacto,
945 2127 1021 2202 prior

151 2230 279 2290 Corbulo
292 2230 386 2295 socias
401 2231 535 2290 cohortes
554 2237 584 2289 et
598 2231 708 2291 auxilia
723 2231 836 2306 Regum
861 2248 912 2304 pro
924 2227 1020 2288 corni·

150 2329 211 2400 bus,
232 2329 328 2390 medio
347 2335 462 2388 sextam
487 2332 633 2405 legionem
656 2331 828 2401 constituit;
848 2330 896 2388 cui
923 2331 1021 2390 accita

149 2445 201 2503 per
216 2436 342 2498 noctem,
356 2429 424 2488 aliis
435 2448 474 2488 ex
501 2423 623 2498 castris,
640 2429 694 2488 tria
716 2429 808 2488 millia
831 2430 1019 2490 tertianorum

96 2607 106 2618 ο
149 2527 369 2602 permiscuerat,
401 2545 459 2586 una
481 2545 549 2586 cum
576 2529 683 2604 aquila,
708 2529 792 2605 quasi
815 2530 918 2586 eadem
941 2530 1019 2605 legio

178 2699 305 2758 Insaniam
321 2701 381 2758 pacis
399 2703 459 2765 usn]
490 2703 506 2750 i.
522 2717 543 2750 e.
562 2707 588 2751 ut
602 2708 660 2752 esset
679 2703 763 2766 species
772 2709 796 2750 et
816 2704 890 2762 imago
907 2704 1018 2809 quaedam

146 2773 216 2870 Eoi.
228 2775 272 2808 non
282 2759 344 2807 belli.
376 2761 489 2820 Sicsarisr
498 2776 572 2824 saepe,
582 2767 607 2810 st
614 2769 664 2809 tuta
670 2763 807 2810 nocumento
816 2763 898 2810 Tacito

179 2897 284 2946 Vatariel
298 2900 391 2956 prouida
405 2899 479 2961 Duri]
510 2899 800 2948 Guiuseruditionisetiam
819 2906 842 2948 et
861 2901 928 2948 studii
948 2899 970 2948 iu
981 2899 1017 2946 lit·

145 2957 201 3004 teris
210 2958 305 3015 siguum,
317 2960 377 3019 quod
387 2957 472 3005 Plinius
482 2958 615 3019 aliquotiens
623 2959 775 3007 Corbulonem
786 2961 844 3007 inter
853 2967 954 3006 auctores
970 2960 1018 3006 larr-

145 3016 194 3072 dat,
204 3030 321 3078 quorumo
350 3033 375 3064 ra
386 3031 444 3064 usus.
455 3017 488 3064 uti
497 3017 574 3064 lodice
584 3017 622 3064 lib.
642 3023 664 3064 5.
677 3025 701 3066 et
715 3023 737 3066 u.
769 3021 859 3066 Patrem
868 3019 957 3076 egregio
969 3017 1018 3064 uiro

142 3075 314 3136 luissesuspicor
342 3075 479 3136 omponiurn.
494 3083 535 3122 aut
553 3078 655 3131 Orfitum,
672 3077 780 3124 suadente
790 3077 864 3124 Plinio
878 3083 899 3130 7,
910 3081 931 3124 l.
966 3075 1015 3120 Vrs-

144 3134 204 3188 uria
221 3134 248 3180 0.
261 3134 368 3180 Herdiris'
378 3149 404 3180 cc
421 3139 492 3190 postca
502 3136 621 3192 Pesspsms'i
634 3136 706 3195 Orfiti
715 3136 798 3195 (scribe
807 3151 834 3182 es
844 3136 915 3190 libris,
925 3133 1016 3189 Pompo·

144 3192 181 3239 nii
190 3196 254 3251 alqm
263 3191 344 3250 Orfite)
354 3193 528 3240 cumanorum
537 3194 620 3240 muium
633 3196 722 3250 unica,
738 3209 765 3240 su
774 3195 809 3240 uis
822 3197 926 3252 qrrultuor
939 3197 1017 3250 partus

144 3251 213 3297 anim
230 3251 387 3308 Sempronium
395 3252 483 3308 septiura
492 3267 565 3299 mensa
583 3254 669 3310 gennit,
679 3253 780 3300 duilium
790 3251 830 3298 Ru
859 3267 881 3298 sn
890 3251 1015 3302 undecimo,

146 3309 296 3358 Corbulonem
314 3311 547 3370 centimanumque
566 3311 700 3360 Consulem:
724 3315 796 3367 postca
836 3309 944 3356 nasaniam
964 3309 1018 3356 Coti
1081 3309 1082 3349 t

147 3367 264 3424 Principis
272 3369 395 3426 coniuges,
414 3374 491 3416 octauo.
523 3369 577 3428 Dips
617 3371 674 3416 Mon
694 3369 800 3414 carlum
816 3373 881 3415 aulul.
893 3381 1016 3438 morepoe·

144 3427 220 3530 tqmqq
228 3426 344 3531 diqiqapro
357 3427 448 3533 muqn
457 3427 559 3488 suadae.
590 3429 624 3492 ill
640 3427 725 3476 similia
737 3427 783 3474 iarn
793 3426 894 3484 vidimus,
906 3426 928 3472 in
938 3426 1016 3487 quabrn

146 3498 189 3530 rrrr
222 3491 266 3530 ectr
311 3499 382 3533 erere.
437 3499 474 3533 m.

185 3579 256 3624 von.
278 3581 301 3624 1.
579 3561 643 3624 32*

916 2778 1016 2828 nequens.
