2166 3834
101 199 167 266 ¹12
421 217 605 268 sannarum
820 223 851 272 Α,
867 221 898 269 ν.
913 225 961 274 rn.

94 373 286 444 reputantem,
304 369 439 444 perpulit,
459 375 490 428 ut
511 369 656 444 praesidia
676 371 812 432 Romana
832 373 963 432 intraret.
1065 433 1066 444 ,

94 469 272 528 circumdata
287 469 358 528 hinc
374 470 459 544 Regi,
472 457 718 543 specie'honoris,
734 474 834 530 voticis
847 491 967 532 mansu:

96 569 278 644 Tribunique
292 574 323 626 et
343 569 547 636 Centuriones,
568 573 724 646 monendo,
745 574 908 640 suadendo,
927 577 966 640 et,
1065 585 1066 610 t

94 673 201 744 quanto
215 669 328 742 longius
343 645 566 736 'abscedebatun
587 670 731 742 apertiore
746 662 890 738 custodia,
905 689 966 744 pos·

94 773 186 824 tremo
199 785 321 841 gnarum
335 767 520 824 necessitatis
535 767 565 826 in
586 771 686 826 urbem
702 775 827 828 traxere.
870 773 966 829 Accu·

93 873 171 924 satus
184 866 216 923 io
232 860 342 924 Senatu
363 869 400 924 ab
414 884 505 924 uxore
520 867 625 942 Cotyis
639 869 802 938 damnatur,
819 874 850 926 ut
865 870 966 941 procul
1065 853 1066 858 ἵ

93 983 183 1040 regno
202 970 357 1024 teneretur.
399 966 530 1024 Thracia
554 967 586 1024 in
607 967 838 1038 Rhoemetalcen
865 969 966 1036 titium,
1065 965 1066 1000 ³

93 1083 178 1140 quem
195 1065 329 1140 ,paternis
356 1065 488 1124 consitiis
515 1067 700 1140 adversatum
728 1069 893 1136 constabat,
922 1068 965 1142 in·

93 1181 148 1238 qne
173 1165 279 1222 liberos
304 1163 408 1237 Cotyis
429 1163 586 1220 dividitur:
615 1165 707 1239 iisque
734 1167 864 1222 nondum
886 1167 965 1224 adui-

93 1262 140 1330 tis,
175 1263 381 1320 Trebeiiienus
414 1260 514 1330 Rufos,
541 1262 679 1320 Praetura
713 1263 837 1328 iunctus,
871 1263 966 1332 datur,

93 1361 142 1436 qui
165 1377 285 1434 regnum
312 1361 430 1420 interim
454 1366 600 1430 tractaret,
624 1353 770 1434 enompio,
794 1379 851 1436 quo
876 1362 965 1418 meio·

93 1476 138 1516 res
166 1457 300 1516 Marcum
326 1458 481 1532 Lepidum,
511 1459 674 1518 Ptolemaei
702 1460 802 1518 tiberis
830 1465 965 1528 tutorem,

92 1557 123 1614 in
146 1558 316 1632 Aegyptum
338 1557 485 1616 miserant.
527 1559 724 1633 Rhescuporis
748 1539 964 1634 Aiesanrlrian

92 1657 244 1724 devectus,
267 1661 354 1732 atque
376 1656 448 1724 iilic,
472 1658 571 1732 fugam
588 1663 725 1730 tentans,
748 1675 787 1716 au
812 1658 884 1714 ficto
911 1657 966 1716 cri·

41 1751 81 1809 68
94 1755 182 1822 mine,
199 1755 382 1812 interficitur.
422 1756 479 1812 Per
493 1756 571 1814 idem
585 1762 698 1830 tempus
711 1756 866 1822 Vonones,
879 1768 965 1831 quem

92 1859 219 1912 amotum
233 1855 264 1912 in
286 1853 423 1913 Ciliciam
436 1855 606 1922 memoravi,
626 1854 766 1926 cormptis
785 1855 966 1924 custodibus,
1065 1879 1066 1884 ¹

92 1952 218 2026 effugere
233 1955 270 2010 ad
286 1952 451 2021 Armenios,
465 1953 534 2010 inde
545 1952 577 2010 in
589 1955 722 2010 Albanos
737 1953 965 2027 Heniochosque
1065 2009 1066 2030 ἶ

42 2099 43 2106 ,
92 2056 123 2110 et
143 2051 393 2126 consanguineum
416 2051 472 2108 sibi
493 2051 607 2126 Regem
633 2051 821 2124 Scytharum,
840 2057 965 2108 conatm
1065 2069 1066 2120 ῑ

93 2156 145 2209 est.
173 2149 273 2224 specie
296 2149 435 2216 venandi,
463 2149 577 2206 omissis
604 2149 759 2208 maritimis¹
783 2149 868 2218 iocis,
894 2150 966 2208 avis

93 2253 218 2312 saltuum
245 2249 347 2324 petiit:
382 2265 452 2308 mox
478 2247 652 2322 pernicitate
686 2249 756 2324 equi
782 2249 820 2306 ad
845 2265 965 2308 amnem

92 2351 251 2424 Pyramum
265 2347 426 2417 contendit,
450 2348 532 2406 ouius
547 2352 650 2420 pontes
672 2348 794 2404 adcolae
818 2352 965 2420 mperaat,

93 2451 192 2507 audita
219 2449 310 2524 Regis
333 2448 421 2522 iuga3
448 2464 541 2522 neque
566 2447 644 2504 vado
667 2445 813 2519 penetrari
837 2451 963 2518 poterat.
1065 2515 1066 2528 χ

93 2548 187 2622 Igitur
204 2547 236 2604 in
251 2526 313 2620 ripa
327 2545 452 2604 fluminis
477 2563 495 2602 a
516 2544 609 2602 Vibio
631 2545 791 2611 Frontone,
814 2545 965 2616 praesecto
1065 2591 1066 2614 ,

94 2645 232 2718 equitum,
260 2644 396 2702 vincitur.
418 2661 485 2702 mox
514 2643 675 2711 Remmius,
698 2648 850 2710 evocatus,
875 2643 965 2716 priori
1065 2649 1066 2652 ’

94 2743 245 2800 custodiae
274 2742 366 2816 Regis
393 2743 549 2816 adpositus,
576 2742 658 2816 quasi
685 2741 840 2818 perirem,
864 2742 966 2816 gladio

94 2860 159 2900 eum
175 2841 324 2914 transigit:
346 2843 424 2898 unde
438 2842 531 2902 maior
550 2842 631 2906 fides,
644 2841 827 2918 conscientia
842 2841 965 2900 sceleris

93 2946 123 2998 et
139 2923 216 2998 metu
231 2939 333 2996 indicii
346 2946 467 2996 mortem
481 2939 602 2996 Vononi
616 2939 743 2996 inlatam.

41 3041 83 3100 69
136 3041 177 3098 At
200 3038 403 3102 Germanicus,
427 3039 564 3111 Aegypto
585 3055 726 3103 remeans,
745 3041 862 3104 cuncta,
885 3055 961 3112 quae
1065 3081 1066 3110 3

93 3140 169 3211 apud
185 3137 313 3209 legiones
328 3143 377 3192 aut
399 3138 484 3195 urbes
499 3135 630 3202 iusserat,
653 3135 772 3201 abolita,
786 3137 835 3191 vei
850 3135 881 3192 in
896 3153 966 3194 con-
1065 3139 1066 3146 ’

94 3237 211 3294 tranium
240 3252 324 3290 versa
351 3232 513 3303 cognoscit.
544 3233 615 3288 hinc
643 3251 747 3307 graves
768 3234 800 3290 in
826 3233 966 3292 Pisonem
1065 3269 1066 3314 3

94 3333 309 3400 contumetiam
339 3347 394 3386 nec
422 3329 517 3386 minus
545 3332 659 3396 acerba,
687 3349 772 3404 quae,
788 3333 826 3388 ab
853 3331 907 3389 itio
933 3332 964 3391 in
1065 3315 1066 3334 ¹

96 3431 255 3494 (inesarem
287 3429 480 3488 tentabantur.
541 3427 623 3486 Dein
656 3428 727 3486 Piso
760 3429 841 3488 abira
878 3430 967 3510 Syria
1065 3463 1066 3468 κ
