2186 3850
123 219 252 268 nont.
316 221 407 298 ⁸mn.
433 223 494 270 xri.
546 221 624 272 car.
651 204 821 274 ut.-27.
924 168 998 276 31'9
1075 273 1076 286 ,

163 375 200 432 G.
225 375 367 446 Antistio,
392 376 434 434 Μ.
461 378 654 441 Snitioooss.
687 381 807 456 adoptio
834 379 865 436 in
896 381 997 438 Domi·

120 474 204 543 tium,
227 476 400 552 anctoritate
423 477 575 543 Pallantis,
597 479 759 538 testinatur.
780 480 828 554 qui
842 480 997 536 obstrictus

121 573 319 648 Agrippinae,
333 581 365 632 ut
378 577 552 635 ooneiiiator
574 579 747 651 nuptiarum,
771 586 800 635 et
816 596 883 636 mou
898 585 999 651 stupro

122 673 190 729 eins
224 675 372 748 inligatus,
405 675 573 734 stimulabat
608 678 773 742 Claudium,
814 679 998 734 ‘consuleret

119 771 353 845 ‘Reipublicaer
375 775 541 833 Britannici
556 776 708 858 pueritiam
724 779 824 833 robore
838 776 997 836 circumda·

121 875 196 927 ‘ret
239 873 292 930 Sio
307 875 382 946 apud
398 876 436 930 D.
454 877 625 948 Angustum,
649 892 821 950 quamquam
843 877 996 947 nepotibus

120 971 309 1033 ‘subnixum
326 973 452 1047 viguisse
475 975 643 1049 privignos:
665 991 682 1031 a
698 961 822 1032 Tiberio
835 993 921 1048 super
934 991 997 1048 pro·

120 1073 130 1102 ‘
142 1072 235 1142 priam
249 1070 369 1141 stirpem
380 1073 588 1132 Germanicum
600 1076 789 1146 adsumptum.
832 1074 871 1130 Se
883 1091 995 1148 quoque

120 1169 311 1242 ‘accingeret
327 1171 442 1238 iuvene,
454 1179 564 1244 partem
574 1189 705 1229 curarum
716 1170 915 1244 capessituru’
941 1171 996 1230 iiis

121 1269 248 1335 evictus,
272 1269 390 1327 biennio
414 1271 553 1330 maiorem
573 1277 642 1328 natu
678 1271 840 1328 Domitium
863 1271 924 1328 titio
945 1287 995 1328 an·

121 1369 246 1440 teponia
271 1369 370 1426 habita
394 1373 469 1442 apud
495 1371 636 1428 Senatum
659 1370 790 1428 oratione
804 1371 835 1428 in
860 1372 995 1438 eundem,

120 1485 253 1541 quema
284 1468 389 1525 liberto
422 1475 585 1543 acceperat,
620 1466 745 1526 modurn.
802 1471 994 1528 Adnotabant

114 1567 219 1645 ,periti
246 1569 357 1647 nuliam
380 1569 504 1625 antehae
531 1569 717 1640 adoptionem
747 1561 824 1626 inter
854 1570 992 1644 patricios

121 1649 263 1722 Claudios
283 1667 414 1740 reperiri·
430 1683 536 1742 eosque
557 1669 598 1724 ab
617 1671 690 1725 Atto
710 1669 821 1734 Oiasso
837 1671 996 1730 continuos

119 1765 281 1822 duravisse
323 1767 461 1824 Ceterum
486 1773 570 1824 aotae
596 1767 725 1840 Principi
752 1776 857 1842 grates,
879 1769 993 1841 quaesi·
1001 1750 1043 1820 26

120 1863 230 1920 tiore-¹
222 1881 255 1920 rn
282 1864 444 1922 Domitium
464 1865 648 1922 adulatione.
677 1872 834 1939 rogataque
856 1869 914 1931 tex,
934 1873 1014 1939 qua

118 1959 150 2018 r'n
164 1960 314 2040 somdium
339 1959 490 2020 Claudiam
521 1971 547 2022 et
572 1979 671 2020 eornm
694 1962 820 2020 Neronis
845 1961 990 2020 transiret.

118 2067 241 2136 augetur
254 2068 284 2118 et
301 2063 461 2137 Agrippina
470 2069 666 2138 cognomento
681 2063 836 2136 Augustae.
878 2061 991 2132 Quibus

32 2161 38 2172 “
119 2161 250 2232 patratis,
266 2179 351 2218 nemo
365 2163 439 2218 adeo
452 2179 556 2235 expers
582 2151 797 2220 misericordiae
819 2159 883 2226 fuit,
903 2175 988 2233 quem

117 2277 178 2316 non
202 2259 366 2318 Britannici
390 2261 520 2318 fortunae
535 2271 647 2318 moeror
666 2259 813 2316 adtineret.
842 2258 988 2316 desolatus

117 2357 269 2432 pautiatim
290 2359 553 2418 etiamserviiibus
581 2356 759 2423 ministeriis,
780 2356 990 2428 intempestiva

117 2441 266 2515 noverone
279 2435 377 2515 officia
390 2457 427 2515 in·
436 2457 558 2516 indibria
574 2457 715 2523 vertebat,
729 2455 898 2530 intelligens
912 2456 986 2516 taisi.

117 2573 213 2630 neque
237 2556 316 2613 enim
336 2574 456 2629 segnem
481 2556 509 2612 ei
532 2555 619 2612 tuisse
640 2537 767 2612 indolem
789 2554 901 2611 ieruntr
922 2556 987 2614 sive

117 2672 230 2722 verum,
251 2673 302 2712 seu
322 2655 459 2727 perioniis
485 2655 714 2720 commendatus,
742 2653 860 2712 retinuit
880 2654 993 2714 samam,

116 2753 181 2810 sine
206 2754 429 2826 experimento?
459 2755 518 2811 Sed
549 2745 720 2827 Agrippina,
747 2771 804 2827 quo
825 2753 885 2812 vim
904 2763 1043 2828 suemus

115 2851 205 2908 sooiis
239 2870 351 2927 quoque
386 2852 550 2912 nationibus
569 2853 817 2918 ·ostentaret,'in
848 2854 989 2928 oppidum

116 2951 270 3019 Vbiorum,
292 2952 397 3025 inquo
417 2953 518 3026 genita
547 2935 619 3017 erat,
640 2956 798 3008 veteranus
828 2954 986 3012 ooionism·

116 3065 172 3124 que
193 3050 298 3106 deduci
319 3050 463 3122 inpetrat3
494 3049 543 3106 eui
563 3067 669 3108 nomen
695 3049 819 3108 inditum
839 3069 877 3107 ex
900 3067 995 3130 voca·¹

54 3146 57 3152 '
115 3149 185 3205 buto
218 3146 318 3219 ipsiu.
362 3149 409 3206 Ac
439 3149 511 3205 torte
542 3149 699 3214 acciderat,
719 3153 752 3204 ut
771 3165 835 3205 earn
856 3151 984 3220 gentem,

116 3245 224 3304 Rheno
244 3250 459 3320 transgressam,
479 3265 551 3304 avus
573 3247 705 3320 Agrippa
722 3246 753 3302 in
769 3245 990 3316 tidemaooipem

114 3349 167 3402 ret.
211 3343 319 3404 lisdem
340 3346 516 3418 temporibus
536 3346 566 3401 iu
586 3346 734 3416 superiore
755 3341 913 3398 Germania
929 3349 985 3397 tre«

114 3441 247 3522 pidaturn
266 3427 400 3506 adventu
430 3444 591 3511 cattorum,
618 3437 772 3534 latrocinia
800 3435 990 3524 agitantium
1075 3417 1076 3466 1
