2134 3826
100 235 228 288 s.e.1r.
260 235 333 284 urs.
352 236 376 284 r.
427 236 509 284 car.
527 217 586 284 20.
604 217 662 284 21.
681 217 740 286 22.
758 217 818 287 2³.
927 217 976 288 25

99 390 171 450 tium
194 410 304 468 genua,
326 393 407 452 eiere
430 395 516 451 modo
541 393 658 450 uomina
681 393 868 468 singulorum,
891 393 978 452 modo

97 492 263 550 oeoturiam
277 492 410 567 quisque,
423 492 505 552 ouius
517 492 703 567 manipularis
722 499 794 560 erat,
817 493 978 562 eohortem,

99 591 259 666 legionem,
283 589 380 648 eodem
400 590 697 660 omuibus'imminere,
711 592 918 661 clamitantem
942 591 979 650 si·

99 692 159 747 mut
184 691 292 764 probra
317 690 350 748 in
373 694 499 766 legatum
521 694 679 758 cumulant,
711 693 826 767 eoelum
849 707 885 748 ao
907 691 978 748 deos

99 791 302 860 obtestantur;
324 791 399 847 nihil
414 791 516 865 reliqui
530 791 648 859 laniunt,
674 809 731 866 quo
752 791 847 850 minus
872 789 979 848 invidi·

100 904 155 958 em,
166 889 410 956 misericordiam,
425 897 541 958 metum,
556 897 586 948 et
600 891 658 948 iras
672 897 885 964 permoverent.
919 889 979 948 Ad·

100 990 223 1046 eurritur
248 991 287 1046 ab
310 990 466 1056 uniuersis,
493 997 533 1056 et,
561 1007 679 1049 earcere
704 991 833 1056 effracto,
858 991 979 1047 solvunt

100 1087 230 1154 vinnula,
241 1091 461 1164 desertoresque
476 1107 510 1146 ao
525 1082 619 1148 rerum
641 1090 810 1159 capitalium
824 1091 978 1147 damnatos

101 1187 156 1245 sibi
169 1189 230 1246 iarn
245 1191 380 1246 miseent.
424 1189 609 1262 Flagrantior
630 1190 699 1246 inde
715 1191 770 1254 vis,
786 1191 881 1262 piures
903 1189 978 1246 sedi·
990 1175 1031 1234 22

101 1289 173 1348 tioni
187 1291 291 1347 duoes.
306 1296 336 1345 et
352 1289 515 1346 Vibulenus
529 1289 646 1363 quidam
661 1270 808 1363 'gregarius
823 1289 917 1354 miles,
929 1305 979 1346 an·

101 1393 131 1446 te
144 1390 271 1446 tribunal
290 1387 390 1444 Blaesi
401 1389 553 1445 adlevatus
572 1389 821 1446 circumstantium
842 1387 979 1455 humeris.

100 1490 175 1563 apud
190 1490 333 1552 turbatos,
347 1493 387 1554 et,
401 1488 468 1562 quid
485 1495 606 1561 pararet,
628 1489 773 1546 intentos:
815 1489 899 1546 ‘Vos
918 1489 979 1563 qui·

101 1586 207 1656 ‘dem‚’
222 1588 330 1661 inquit,
341 1594 350 1619 ⁴
362 1586 407 1644 hie
423 1588 627 1645 innocentibus
642 1595 672 1644 et
699 1589 867 1647 miserrimis
883 1593 979 1648 luoem

102 1693 151 1746 ‘et
174 1687 312 1762 spiritum
337 1687 525 1746 reddidistis:
547 1689 598 1745 sed
620 1688 683 1762 quis
697 1688 777 1746 tratri
798 1707 864 1748 meo
879 1690 981 1758 vitam,

101 1789 182 1863 ‘quis
208 1788 328 1845 tratrem
348 1787 421 1844 mihi
436 1785 556 1846 reddit?
580 1805 675 1862 quem,
693 1788 812 1846 missum
834 1791 941 1847 advos
962 1806 981 1846 a

102 1885 452 1946 ‘Germaniooexeroitu
465 1889 503 1944 de
516 1889 718 1946 communibus
728 1889 900 1956 commodis,
912 1905 981 1948 noo·

100 1995 149 2046 ‘te
172 1988 306 2062 proxima
327 1987 472 2062 iugularit
496 2005 547 2060 per
569 1989 743 2061 gladiatores
764 2005 839 2055 suos,
854 2007 925 2064 quos
948 1987 981 2046 in

99 2087 245 2145 ‘esitium
274 2087 400 2144 militum
421 2087 510 2143 habet
537 2091 623 2162 atque
647 2093 749 2144 armat.
811 2087 980 2158 Responde,

99 2189 237 2252 ‘Blaese,
261 2187 313 2243 ubi
337 2188 466 2243 cadaver
488 2183 654 2244 obieceris?
679 2203 716 2242 ue
739 2187 839 2242 hostes
862 2185 980 2260 quidem

100 2285 268 2360 ‘sepulturi
282 2285 426 2342 invident.
442 2301 508 2342 oum
529 2285 647 2352 osculis,
668 2301 735 2342 oum
752 2283 879 2340 lacrimis
900 2286 980 2342 dolo·

100 2393 180 2444 ‘rem
203 2401 301 2443 meum
326 2383 497 2456 implevero,
522 2401 569 2440 me
592 2401 704 2458 quoque
730 2382 868 2440 trucidari
891 2383 978 2457 inber

98 2488 187 2544 ‘dum
201 2483 384 2544 interiectos,
399 2485 510 2540 nullum
528 2485 566 2540 ob
586 2485 696 2551 scelus,
710 2482 762 2540 sed
777 2480 844 2558 quia
858 2483 976 2544 utilitati

99 2586 267 2660 ‘legionum
286 2585 518 2648 consulebamus,
539 2582 570 2638 lri
591 2580 754 2654 sepeliant!
795 2561 1031 2643 incendebat²3

100 2685 177 2744 haee
198 2684 279 2749 fletu,
299 2689 328 2740 et
353 2687 455 2756 peetus
480 2687 566 2756 atque
590 2699 624 2738 os
646 2683 779 2740 manibus
803 2685 976 2742 verberans:

100 2801 169 2842 mox
206 2783 350 2850 disiectis,
376 2799 498 2856 quorum
534 2800 585 2856 per
612 2783 745 2840 humeros
772 2783 977 2853 sustinebatur,
1047 2763 1050 2767 ⁴

100 2901 243 2958 praeceps
268 2889 299 2938 et
325 2883 502 2956 singulorum
525 2882 646 2954 pedibus
674 2883 839 2949 advolutus,
863 2890 978 2942 tantum

100 2981 349 3040 consternationis
362 2981 549 3055 invidiaeque
563 2981 704 3049 oonoivit,
718 2988 750 3040 ut
772 2999 837 3054 pars
852 2981 976 3042 militum

100 3082 289 3155 gladiatores,
303 3080 354 3154 qui
367 3099 384 3135 e
398 3079 521 3137 servitio
536 3081 635 3137 Blaesi
656 3086 750 3146 erant,
762 3097 830 3152 *pars
848 3086 978 3136 oeteraor

101 3181 233 3239 eiusdem
248 3178 389 3236 ramittam
403 3180 558 3243 vincirent,
569 3177 621 3234 alii
639 3179 677 3235 ad
697 3177 894 3250 quaerendum
917 3189 979 3228 oor-

130 3355 178 3401 Per
194 3353 332 3412 gladiatores
350 3353 408 3413 neor]
439 3351 510 3398 Beier
519 3350 548 3396 ad
558 3341 648 3396 solitum
665 3341 808 3410 succurrens
826 3348 919 3384 morem·
934 3344 980 3389 tl¹¹⁰

101 3413 228 3465 Praesides,
249 3413 358 3518 praelecti
386 3411 560 3472 provinciarum,
585 3406 681 3452 familias
702 3402 853 3458 gladiatorum
881 3387 981 3438 alebant,

101 3475 248 3581 geneciaco
258 3487 273 3518 a
290 3471 425 3518 exbibenda.
465 3469 520 3516 Non
537 3465 596 3512 euim
613 3465 673 3510 iuter
690 3458 775 3506 milites
791 3450 853 3503 teeti,
869 3458 898 3490 no
912 3453 982 3487 erres.

128 3546 161 3591 pr.
