2164 3846
104 271 232 323 acas.
323 254 467 320 Μαίη,
516 269 596 318 car.
624 251 833 321 rn-ra,
898 255 973 326 28⁷

105 405 174 492 colii
192 426 282 484 modo
301 425 470 484 comitatem
493 430 525 482 et
548 426 770 501 temperantiam
799 428 873 486 nulli
900 429 976 490 invi·
1069 473 1070 490 r

102 543 177 595 sam,
196 526 314 600 saepius
333 525 525 583 vinolentiam
549 543 585 584 ac
609 526 755 596 libidines,
776 534 856 601 grata
877 529 978 592 barba.
1069 549 1070 606 j

12 657 13 666 ¹
102 627 153 695 ris,
176 644 325 700 usurpans.
380 627 499 700 lamque
531 627 608 700 apud
642 627 798 700 proximos,
819 628 878 686 iam
912 633 975 690 lon·
1069 653 1070 660 ἒ

11 767 14 784 .
104 725 170 802 gius
197 730 371 793 clarescere,
394 743 462 783 cam
491 727 650 799 potentiam
672 727 735 784 eius
761 734 976 802 suspectantes,

102 828 152 901 qui
171 827 350 884 ¹t'nctionibus
375 826 540 893 floruerant,
567 825 721 883 discedunt
748 829 784 883 ad
817 828 975 886 contermi-

98 941 157 983 nos
173 929 351 1000 populosae
367 926 566 992 testificantur,
587 926 696 982 ‘adimi
711 933 840 984 veterem
856 929 976 988 Germa·
998 976 1002 981 .

99 1027 113 1057 ·‘
125 1025 195 1082 niae
211 1025 383 1090 libertatem,
402 1031 431 1081 et
455 1025 601 1082 Romanas
624 1043 695 1098 opes
716 1029 881 1100 insurgere:
902 1029 977 1085 adeo

102 1125 284 1190 ‘nemiuem
312 1123 416 1180 iisdem
443 1123 474 1180 in
500 1124 584 1180 terris
611 1131 715 1190 ortum,
737 1127 786 1199 qui
813 1125 977 1198 principem

103 1223 225 1279 ‘locum
248 1223 385 1294 impleat;
407 1222 463 1279 nisi
486 1223 677 1293 exploratoris
704 1223 803 1280 Flavii
824 1226 977 1298 progenies

99 1324 210 1394 ‘supra
231 1329 352 1377 cunctos
377 1317 553 1378 adtollalur?
574 1323 691 1378 Frustra
708 1321 872 1380 Arminium
897 1317 977 1396 pr'ae·

102 1419 228 1478 ‘scribis
247 1420 366 1476 cuiussi
380 1419 465 1485 titius,
480 1420 578 1478 hostili
598 1421 628 1477 io
643 1423 706 1478 solo
719 1411 842 1487 adultus,
856 1423 887 1480 in
902 1423 977 1498 ueg-

101 1522 197 1577 ⁴unm
213 1519 352 1584 venisset,
373 1527 455 1590 posse
480 1518 643 1588 extimesei,
665 1519 805 1578 iniectum
827 1521 977 1590 alimonio,

102 1617 257 1684 ‘servitio
279 1619 368 1684 cultu,
390 1617 524 1674 omnibus
551 1615 690 1675 externis.
734 1622 783 1690 At,
807 1621 833 1677 si
854 1629 976 1694 paterna

101 1719 116 1750 ⁴
125 1716 235 1776 Italico
245 1733 327 1772 meae
339 1719 433 1772 esset:
455 1731 513 1772 non
525 1716 614 1772 alium
628 1717 769 1775 intensius
783 1737 862 1776 arma
873 1727 976 1776 contra

104 1815 248 1889 ‘patriam
262 1831 297 1872 ac
312 1816 392 1872 Deos
408 1814 543 1880 Penates,
557 1832 642 1890 quam
666 1821 817 1889 parentem
840 1817 912 1885 eius,
925 1835 975 1875 ex·
1069 1837 1070 1848 ¹

106 1911 277 1972 ‘creuisse’
318 1913 373 1971 His
394 1919 480 1988 atque
505 1913 610 1971 talibus
636 1931 755 1988 magnas
782 1915 883 1988 copias
909 1931 975 1974 coe·
989 1896 1026 1959 Π

102 2029 194 2090 'gerer
218 2029 274 2070 nec
306 2012 456 2086 pauciores
486 2012 623 2070 ltalicum
656 2014 860 2087 sequebantur.
895 2020 976 2072 ‘non

106 2113 205 2170 ‘enim
219 2111 360 2183 inrupisse
384 2094 564 2178 odiendos,
587 2113 639 2168 sed
664 2109 810 2178 accitum?
835 2125 975 2168 memora·

105 2213 188 2270 baut.
210 2211 348 2284 ‘quando
368 2209 521 2268 nobilitate
545 2216 659 2268 ceteros
679 2210 815 2275 anteiret,
839 2209 977 2271 virtutem

103 2309 338 2382 ‘experirentur,
359 2326 396 2366 an
424 2309 545 2383 dignum
562 2325 598 2365 se
623 2313 724 2382 patruo
749 2307 894 2370 Arminio,
917 2325 976 2365 avo

106 2409 300 2466 ‘batrumero
332 2409 490 2482 praeberet.
530 2423 587 2465 neo
620 2411 731 2480 patrem
763 2405 866 2463 rubori.
898 2407 977 2480 qnod

105 2509 213 2566 ‘tidem
246 2509 385 2564 adversus
420 2507 576 2572 Romanos,
608 2505 776 2562 volantibus
811 2505 976 2576 Germanis,

107 2612 282 2680 ‘sumptam
302 2620 456 2681 numquam
470 2605 624 2662 omisisset.
647 2605 720 2661 lalso
733 2605 875 2662 libertatis
889 2623 976 2664 voce-

106 2707 227 2762 ‘bulum
246 2705 370 2762 obtendi
390 2705 427 2761 ab
454 2705 499 2773 iis,
526 2705 575 2780 qni
604 2703 740 2778 privatim
753 2705 922 2779 degeneres,
943 2705 977 2764 iu

105 2801 278 2874 ‘publicum
300 2801 428 2867 exitiosi,
440 2801 512 2858 nibil
527 2799 599 2873 spei,
614 2800 735 2873 uisiper
748 2799 917 2868 discordias,
928 2801 977 2858 ha·
1069 2793 1070 2798 ’

107 2897 236 2957 ‘beant’
279 2901 474 2974 Adstrepebat
488 2901 556 2956 huic
565 2901 661 2956 alacre
677 2902 795 2974 vulgum
816 2905 976 2975 almagno,

108 2998 187 3056 inter
219 3000 365 3066 barbaros,
395 2999 506 3070 proelio
535 2999 630 3056 victor
654 2999 737 3068 Rem
759 3000 828 3056 dein
846 3001 977 3058 secunda

105 3097 223 3155 fortuna
242 3099 281 3154 ad
301 3098 463 3171 superbiam
494 3099 642 3171 prolapsus
662 3101 826 3172 pulsusque,
855 3097 891 3156 a'o
920 3113 978 3154 rur-

103 3213 158 3254 sus
185 3197 441 3270 Langobardorum
466 3197 568 3270 opibus
592 3197 724 3264 relectus,
747 3215 798 3268 per
820 3199 906 3260 laeta,
927 3212 979 3266 per

107 3293 244 3359 adversa,
264 3309 309 3349 res
330 3293 494 3350 Chennoas
510 3291 690 3350 addietabet.
732 3290 790 3346 Per
810 3291 886 3347 idem
908 3295 978 3344 tem·
991 3289 1029 3348 la

140 3445 276 3491 Arminium
292 3446 423 3506 perscribi]
455 3446 500 3496 oui
510 3445 543 3490 illi
558 3449 663 3504 patruus:
679 3449 703 3490 et
719 3449 831 3542 lamguam
842 3439 863 3483 in
874 3438 921 3485 eius
931 3449 979 3496 gra·

105 3502 164 3550 tiam
174 3505 325 3564 honoremque
336 3504 462 3564 Principatu
472 3509 563 3550 ornatus
573 3508 638 3549 esset.
670 3500 732 3555 bins.
784 3499 797 3541 l.
810 3499 879 3542 dol.
