2134 3826
108 187 178 236 ac.
197 147 231 236 rc.
358 174 434 236 nni.
463 187 500 236 rr.
549 187 626 236 car.
653 170 774 238 4.-7,
938 167 987 236 73

104 341 289 415 ‘promptam
303 342 378 417 ipsis
392 343 618 418 possessionem,
632 351 662 402 et
683 343 813 404 hostibus
837 343 981 418 ignotam:

104 438 208 498 ‘simul
232 444 346 500 bellum
370 444 510 501 maturius
530 445 632 519 incipi,
653 445 841 520 legionesque
865 450 897 500 et
910 459 987 501 com·

104 529 242 597 ‘meatus
264 541 375 615 pariter
400 543 487 600 vehi:
518 543 662 618 integrum
686 544 815 620 equitem
839 559 987 616 equosque

104 640 174 708 ‘per
187 657 241 696 ora
255 647 287 696 el
303 643 408 698 alveos
423 641 572 700 luminum
586 644 681 700 melis
695 641 726 700 in
737 642 899 700 Germania
908 637 988 698 iore.'

104 734 196 809 Igitur
221 739 282 796 truc
306 739 453 798 intendit:
472 741 568 800 missis
589 744 626 800 ed
650 760 756 800 census
772 742 937 799 Galliarum
953 739 1018 810 Ρ.6

101 833 230 894 Vitellio
243 843 275 896 et
288 836 324 896 0.
345 840 448 907 Antio,
464 841 555 898 Silina
569 849 599 898 et
611 841 738 900 Anteius
752 847 784 898 et
798 839 933 898 Caecina
947 839 988 896 fa-

102 933 262 994 bricandae
287 939 378 996 classi
401 946 627 1013 praeponuntur.
678 940 765 998 Mille
790 956 884 996 naves
911 938 987 996 suffi-

100 1049 165 1090 cere
193 1036 289 1103 visae,
322 1043 569 1114 properataeque:
601 1039 679 1098 etiae
713 1041 829 1103 breves,
862 1029 987 1124 angaria

100 1133 190 1206 puppi
218 1152 372 1210 proraque,
395 1143 427 1194 et
454 1140 515 1196 lato
542 1144 635 1206 utero,
658 1155 716 1213 quo
739 1137 856 1194 facilius
882 1136 986 1194 fluctus

101 1233 285 1292 tolerarent:
310 1237 453 1309 quaedam
478 1239 585 1309 planae
611 1239 730 1306 carinis,
757 1245 791 1294 ut
815 1235 880 1292 sine
904 1249 985 1292 nora

96 1329 245 1390 siderent:
268 1336 365 1410 plures
379 1336 520 1409 appositis
536 1337 678 1411 utrimque
690 1336 905 1412 gubernaculis,
914 1351 984 1392 con·

100 1446 187 1487 verso
201 1439 234 1490 ul
255 1442 377 1505 repente
391 1435 515 1510 remigio
530 1436 599 1492 irinc
616 1438 663 1492 vel
683 1437 767 1494 illinc
789 1437 983 1507 adpellerent.

95 1531 207 1586 mulne
222 1531 362 1604 pontibus
386 1509 505 1600 stratae}
526 1552 613 1606 super
636 1551 707 1610 ques
731 1539 877 1592 tormenta
893 1533 984 1588 vetre-

95 1603 206 1695 reirtnr,
232 1631 322 1688 simul
347 1637 433 1706 aptae
460 1633 589 1690 terendis
613 1634 695 1707 equis
718 1639 769 1690 aut
792 1629 983 1696 commeatui,

96 1729 172 1786 velis
201 1731 330 1798 habiles,
363 1732 443 1790 citae
471 1733 570 1800 remis,
606 1735 788 1806 augebantur
825 1730 983 1788 alacritate

94 1828 223 1888 militnm
238 1829 420 1923 inspeciem
433 1849 470 1890 ac
485 1838 634 1890 terrorem.
675 1833 776 1888 insule
790 1831 984 1892 Batavorum,

93 1925 451 2006 inquanqconvenirenl,
468 1923 628 2004 praedicta,
652 1933 690 1988 oh
709 1930 812 1987 faciles
833 1929 984 2000 adpulsus,

92 2028 339 2104 accipiendisque
353 2046 391 2086 co
413 2029 431 2044 '⁸
473 2037 504 2086 et
528 2029 785 2086 transmittendum
809 2029 846 2084 ad
873 2027 984 2082 bellum

88 2133 266 2198 opportuna.
311 2129 392 2186 Nam
445 2129 537 2186 henne
552 2145 612 2186 uno
634 2131 724 2184 alveo
744 2125 914 2186 continuus,
933 2123 986 2176 aut

91 2227 356 2314 modicastutns
369 2227 621 2316 circumveniens,
635 2226 712 2298 apud
729 2221 907 2295 principium
921 2215 1009 2322 egri‘

90 2323 203 2382 Batavi
219 2329 306 2382 velut
326 2325 446 2383 induce
460 2344 562 2384 amnes
584 2323 738 2404 dividitur,
752 2323 909 2390 servatque
934 2330 984 2370 no·

89 2439 157 2480 men
180 2431 213 2480 et
229 2420 406 2482 violentiam
420 2441 530 2492 cursus,
543 2442 601 2499 qua
623 2408 815 2478 Germaniam
830 2411 984 2488 praevehi·

89 2526 143 2590 tur,
167 2524 270 2597 ‹lonqq
295 2523 421 2580 Oceano
445 2524 624 2594 miscentur:
654 2521 693 2576 all
714 2515 866 2574 Gallicam
888 2511 982 2586 ripam

89 2620 178 2678 latior
201 2626 234 2678 el
260 2619 407 2693 plailuior
431 2626 463 2678 et
486 2595 642 2688 adfluensq
674 2631 760 2674 verso
780 2616 982 2698 cognomento

91 2716 122 2772 V
118 2716 234 2786 danim
248 2722 375 2776 accolae
395 2719 515 2788 dicunt;
537 2735 606 2776 mon
622 2717 653 2774 id
674 2732 788 2790 quoque
804 2707 981 2768 vocabulum

89 2825 183 2874 mutat
197 2817 289 2874 Mosa
302 2817 434 2884 flumine,
448 2817 569 2890 eiusque
583 2816 730 2883 immenso
743 2829 794 2869 ore
808 2811 935 2868 eundem
948 2807 980 2862 in
1002 2863 1005 2872 ,

89 2917 247 2974 Oceanum
271 2917 443 2974 effunditur.
486 2917 557 2984 seo,
586 2913 706 2979 (leesor,
733 2913 802 2966 dum
823 2908 1009 2980 adiguntur7

87 3033 192 3081 naves,
215 3015 324 3074 Silium
347 3017 478 3088 legatum
492 3030 560 3070 cuns
576 3013 717 3086 expellite
737 3024 825 3066 manu
840 3001 979 3074 inruptio·

87 3115 203 3172 nemin
226 3115 335 3192 Cattqs
360 3114 459 3169 lacere
481 3113 582 3168 iubet:
604 3107 800 3182 ipseendito,
823 3101 979 3158 castellum

85 3214 223 3286 Luppiae
247 3194 363 3272 flumini
388 3211 553 3283 adpositum
574 3207 712 3270 obsideri,
727 3221 780 3258 sex
796 3199 927 3270 legiones
941 3210 978 3248 eo

85 3312 180 3369 duxit.
227 3312 336 3385 Neque
362 3309 439 3366 Silio
462 3311 501 3364 ob
515 3308 627 3364 subitos
643 3305 757 3360 ‘imbres
771 3295 850 3358 aliud
871 3297 977 3346 actum,

87 3429 175 3486 quam
190 3417 223 3467 nt
250 3410 405 3468 mellicam
426 3408 576 3481 praedam,
599 3406 631 3458 et
648 3396 733 3468 Arpi,
756 3382 897 3462 ptissssilti⁵
911 3378 969 3430 Cat

121 3527 195 3566 ron.
216 3527 239 3566 r.
533 3504 549 3552 7
