2186 3850
109 277 181 328 ac.
196 281 235 328 sa.
319 276 412 325 ma.
439 277 501 326 ιιι.
550 262 628 325 cab.
655 255 773 326 6.-8.
907 255 980 332 309
1085 325 1086 342 ,

108 431 304 507 ‘fratrumque
318 431 393 490 filias
414 432 532 506 nuptiae
555 421 694 492 etiam‘in
714 425 861 507 posterum
875 437 981 490 statue·
1085 507 1086 518 ἵ

110 529 249 588 ‘rentur'
289 533 394 606 Neque
409 538 506 610 tamen
521 537 649 606 repertus
672 539 726 599 est,
740 532 798 590 nisi
812 549 894 599 unus,
916 531 982 590 talis

111 631 291 690 matrimonii
311 632 434 705 cupitor,
450 633 490 690 T.
508 633 641 690 Alledius
656 633 793 698 Severus,
813 633 910 706 Eques
926 631 982 690 Ro·
1028 615 1033 624 ⁸

111 747 227 798 manus,
240 749 327 807 quern
348 731 487 806 plerique,
512 729 685 808 Agrippinae
701 730 802 808 gratia
824 729 982 809 impulsum,
1085 769 1086 776 ι

109 829 254 887 serebant.
295 830 390 887 Versa
412 849 451 888 ex
478 848 514 887 eo
535 830 652 896 civitas,
673 836 703 888 et
726 835 833 888 cuncta
857 830 982 888 feminac

110 927 300 995 obediebant,
328 947 386 986 non
402 947 466 1009 vper
492 929 654 996 lasciviam,
675 935 706 987 ut
733 929 914 996 Messallina,
941 945 983 986 re·

109 1029 165 1086 bus
196 1027 336 1086 Romanis
362 1029 516 1087 inludenti.
547 1031 703 1087 adductum
730 1035 760 1087 et
787 1029 869 1104 qnasi
896 1028 986 1086 virile

109 1126 283 1184 servitium:
305 1130 401 1201 palam
415 1129 564 1197 severitas,
591 1145 625 1186 ac
640 1129 755 1201 saepius
768 1127 917 1201 superbia:
940 1123 983 1184 ui·v

110 1225 153 1284 bil
169 1225 249 1283 domi
263 1226 441 1300 inpudicum,
466 1227 522 1284 nisi
536 1227 728 1286 dominationi
753 1227 914 1300 expediret·
934 1237 982 1284 cu*

111 1323 183 1398 pido
207 1325 269 1381 suri
293 1325 427 1383 inmensa
454 1327 605 1384 obtentum
632 1327 767 1393 habebat,
790 1325 871 1400 qnasi
894 1325 983 1383 subsi-

111 1427 193 1486 dium
209 1429 313 1503 Regno
327 1435 481 1503 pararetur.
524 1430 584 1488 Die
605 1429 769 1504 nuptiarum
789 1431 906 1488 Silanus
926 1423 1012 1488 sima

110 1533 236 1588 mortem
264 1528 427 1586 conscivit:
448 1510 513 1587 sive
537 1547 574 1587 eo
595 1547 684 1606 usque
711 1547 792 1596 spem
817 1529 895 1587 vitae
920 1546 982 1603 pro·

110 1631 245 1700 duxerat,
273 1646 323 1686 seu
351 1629 468 1686 delecto
494 1629 552 1696 die,
577 1631 738 1704 aagendam
766 1629 802 1687 ad
829 1627 981 1687 invidiam.

112 1725 253 1796 (lalvina,
266 1745 345 1786 soror
359 1729 430 1797 eius,
452 1729 538 1787 ltalia
553 1731 633 1802 pulsa
654 1735 708 1788 est.
751 1730 875 1788 Addidit
897 1727 983 1788 Olau-

111 1827 187 1893 dius‚
211 1844 295 1884 saara
316 1827 478 1904 exlegibus
506 1827 587 1886 Tulli
606 1828 704 1903 Regia,
723 1827 888 1905 piaculaque
909 1825 986 1905 apud

113 1923 209 1983 lurum
222 1925 336 1984 Dianae
345 1943 397 2004 per
406 1925 555 2008 Pontifices
568 1926 679 1986 maala:
691 1927 882 1984 inridentibus
896 1943 983 1984 cuno·

112 2024 164 2092 tia,
188 2027 263 2100 quod
288 2043 400 2099 poenae
424 2026 695 2102 procurationesque
720 2026 825 2084 incesti
857 2024 888 2080 id
911 2029 983 2081 tem·

111 2125 192 2198 poris
214 2125 440 2200 exquirerentur.
493 2129 535 2184 At
560 2125 733 2200 Agrippina,
757 2142 795 2182 ne
816 2121 899 2180 malis
922 2127 983 2180 lau·

111 2227 175 2280 tum
189 2219 365 2279 facinoribus
391 2225 564 2290 notesceret,
586 2221 705 2279 veniam
727 2219 825 2277 exsilii
849 2233 901 2292 pro
923 2218 984 2276 An·

110 2335 190 2379 naso
212 2321 337 2388 Seneca,
359 2321 444 2384 simul
468 2321 637 2384 Praeturam
657 2319 803 2391 impetrat,
825 2320 932 2373 laetum
952 2316 984 2374 in

111 2417 263 2494 publicum
292 2423 363 2487 rata,
390 2419 427 2476 ob
451 2418 655 2476 claritudinem
677 2417 836 2474 studiorum
858 2415 930 2482 eius,
952 2419 984 2472 ut

110 2535 169 2593 que
196 2517 320 2574 Domitii
348 2516 471 2591 pueritia
500 2518 552 2574 tali
577 2516 713 2590 magistro
737 2515 926 2583 adolesceret,
953 2517 984 2573 el

112 2615 246 2675 consiliis
273 2615 403 2674 eiusdem
430 2616 468 2673 ad
495 2633 576 2690 spem
604 2613 811 2672 dominationis
836 2619 983 2672 utereturr

145 2769 240 2818 Veniam
249 2770 325 2840 suilli]
356 2769 479 2830 Relegatus
489 2769 548 2819 enim
567 2771 652 2816 Seneca
669 2774 719 2874 fast
736 2771 885 2824 Quaesturam
894 2784 907 2816 a
917 2769 985 2818 Clau·

112 2828 152 2876 dio
160 2830 182 2875 in
193 2828 307 2875 Corsicam
320 2830 422 2885 insulam,
432 2830 462 2876 ob
471 2829 615 2890 suspicionem
626 2829 669 2875 adu
680 2829 731 2876 terii
741 2843 790 2875 cum
802 2827 858 2876 iulia
868 2824 985 2876 Germani·

112 2889 134 2936 ei
153 2888 206 2943 lilia,
217 2887 300 2934 Vinicii
311 2903 386 2936 uxore.
418 2889 486 2938 Cuius
497 2889 593 2936 criminis
603 2896 691 2938 scenas
705 2888 838 2936 Messalliua
848 2888 896 2936 luit.
913 2891 987 2937 arena

108 2948 168 2994 dico.
200 2947 253 2994 Non
264 2947 321 2994 enim
340 2948 413 3008 reipsa
428 2947 513 3010 expetit
528 2949 551 2994 in
561 2952 585 2994 te
602 2947 658 2994 baec
674 2949 746 3010 culpa,
757 2962 772 2994 o
782 2947 881 2996 Romani
891 2947 985 2995 nominis

113 3011 138 3054 et
147 3006 274 3067 sapientise
283 3021 363 3066 magne
373 3007 414 3054 rol.

144 3084 201 3134 Tali
219 3085 325 3144 magistro
343 3086 481 3148 adolesceret]
522 3085 617 3146 Magno,
633 3101 713 3148 magno
728 3087 849 3146 magistro:
871 3085 921 3132 ub'li
940 3083 986 3146 pri·

112 3145 184 3192 vatim
195 3149 218 3190 et
240 3143 336 3206 publice,
347 3145 365 3191 si
375 3145 472 3192 Neronis
490 3144 584 3201 indoles,
602 3153 641 3192 aut
657 3145 760 3192 Romana
779 3147 834 3197 lata,
855 3143 984 3189 voluisseut.

112 3205 158 3253 aed
170 3205 198 3250 sd
216 3203 332 3250 historiam
342 3203 401 3251 adde
417 3205 472 3251 baec
481 3205 606 3251 scholiastis
614 3205 637 3251 in
647 3205 756 3252 luvenalis
770 3205 818 3250 Sat.
836 3207 859 3256 d,
871 3204 919 3248 roa.
931 3199 985 3246 Serr-

111 3279 149 3310 era
159 3265 200 3310 rub
211 3263 316 3319 Claudio,
326 3265 389 3324 quoti
398 3264 495 3310 camdus
502 3265 665 3310 adulteriorum
681 3262 766 3318 salue,
777 3257 985 3329 Germaaifr'filiae,

111 3325 140 3370 e'rr
158 3323 270 3369 Corsicam
285 3323 404 3380 relegamur,
414 3327 459 3379 port
469 3323 594 3370 trimatum
608 3327 766 3370 moraturam.
798 3319 846 3370 Qua
856 3321 895 3362 etas
905 3329 985 3386 magum
1085 3327 1086 3330 ’

112 3381 224 3430 desideria
233 3381 331 3430 ausam
340 3382 471 3437 inlsrrderel,
481 3383 509 3428 ab
529 3383 656 3438 Agrippina
667 3386 747 3432 tamem
758 3376 878 3442 crudiqudo
897 3373 985 3424 Notou

112 3441 139 3487 in
148 3441 259 3496 palatium
267 3441 383 3496 adductus,
394 3455 483 3486 saeuum
490 3441 651 3498 immanemque
660 3441 738 3483 nalum
748 3439 768 3478 rt
777 3437 844 3501 eruat
853 3435 903 3498 erla,
913 3439 935 3475 ee
944 3435 985 3500 mr·-
995 3490 998 3497 Ι

113 3499 202 3556 ligauit.
219 3499 279 3546 inter
288 3499 419 3556 familiares
427 3499 504 3544 salitur
513 3499 600 3543 dicere.-
613 3495 719 3548 mansore
728 3503 789 3558 saep?
797 3489 835 3532 till
845 3489 911 3554 leym,
920 3503 984 3558 {utta
1085 3547 1086 3556 1

111 3561 201 3622 gustato
210 3559 275 3613 semel
284 3557 380 3608 tamur
389 3557 505 3619 sanguiue,
514 3555 616 3614 immin
625 3551 804 3600 reuertamur·
835 3543 899 3602 loll·
