<?xml version="1.0" encoding="UTF-8"?>
<!DOCTYPE html PUBLIC "-//W3C//DTD XHTML 1.0 Transitional//EN"
    "http://www.w3.org/TR/xhtml1/DTD/xhtml1-transitional.dtd">
<html xmlns="http://www.w3.org/1999/xhtml" xml:lang="en" lang="en">
 <head>
  <title>
</title>
<meta http-equiv="Content-Type" content="text/html;charset=utf-8" />
  <meta name='ocr-system' content='tesseract 3.04.00' />
  <meta name='ocr-capabilities' content='ocr_page ocr_carea ocr_par ocr_line ocrx_word'/>
</head>
<body>
  <div class='ocr_page' id='page_1' title='image "./operaexrecensio01tacigoog_0381.png"; bbox 0 0 2186 3850; ppageno 0'>
   <div class='ocr_carea' id='block_1_1' title="bbox 100 187 971 283">
    <p class='ocr_par' dir='ltr' id='par_1_1' title="bbox 100 187 971 283">
     <span class='ocr_line' id='line_1_1' title="bbox 100 187 971 283; baseline 0.013 -11"><span class='ocrx_word' id='word_1_1' title='bbox 100 205 174 272; x_wconf 82' lang='grc'><strong>340</strong></span> <span class='ocrx_word' id='word_1_2' title='bbox 421 227 604 276; x_wconf 71' lang='lat' dir='ltr'><strong>susurras</strong></span> <span class='ocrx_word' id='word_1_3' title='bbox 820 187 971 283; x_wconf 54' lang='lat' dir='ltr'><strong>nuaarss</strong></span> 
     </span>
    </p>
   </div>
   <div class='ocr_carea' id='block_1_2' title="bbox 49 377 1075 1654">
    <p class='ocr_par' dir='ltr' id='par_1_2' title="bbox 100 377 973 654">
     <span class='ocr_line' id='line_1_2' title="bbox 100 377 964 461; baseline 0.012 -24"><span class='ocrx_word' id='word_1_4' title='bbox 100 377 225 439; x_wconf 84' lang='lat' dir='ltr'><strong>Rhodiis</strong></span> <span class='ocrx_word' id='word_1_5' title='bbox 247 379 375 448; x_wconf 77' lang='lat' dir='ltr'><strong>tibertus,</strong></span> <span class='ocrx_word' id='word_1_6' title='bbox 397 381 533 454; x_wconf 86' lang='lat' dir='ltr'><strong>adempta</strong></span> <span class='ocrx_word' id='word_1_7' title='bbox 553 399 640 456; x_wconf 82' lang='lat' dir='ltr'><strong>saepe</strong></span> <span class='ocrx_word' id='word_1_8' title='bbox 663 377 964 461; x_wconf 59' lang='lat' dir='ltr'><strong>transmeduana</strong></span> 
     </span>
     <span class='ocr_line' id='line_1_3' title="bbox 101 479 973 549; baseline 0.009 -13"><span class='ocrx_word' id='word_1_9' title='bbox 101 479 188 537; x_wconf 85' lang='lat' dir='ltr'><strong>beiiis</strong></span> <span class='ocrx_word' id='word_1_10' title='bbox 213 479 345 538; x_wconf 81' lang='lat' dir='ltr'><strong>externis</strong></span> <span class='ocrx_word' id='word_1_11' title='bbox 368 487 542 549; x_wconf 88' lang='lat' dir='ltr'><strong>meruerant,</strong></span> <span class='ocrx_word' id='word_1_12' title='bbox 562 487 611 538; x_wconf 88' lang='lat' dir='ltr'><strong>ant</strong></span> <span class='ocrx_word' id='word_1_13' title='bbox 632 482 713 540; x_wconf 86' lang='lat' dir='ltr'><strong>domi</strong></span> <span class='ocrx_word' id='word_1_14' title='bbox 737 484 881 543; x_wconf 85' lang='lat' dir='ltr'><strong>seditione</strong></span> <span class='ocrx_word' id='word_1_15' title='bbox 898 487 973 544; x_wconf 85' lang='lat' dir='ltr'><strong>deii·</strong></span> 
     </span>
     <span class='ocr_line' id='line_1_4' title="bbox 104 578 973 654; baseline 0.008 -18"><span class='ocrx_word' id='word_1_16' title='bbox 104 583 238 654; x_wconf 85' lang='lat' dir='ltr'><strong>querant.</strong></span> <span class='ocrx_word' id='word_1_17' title='bbox 280 578 492 653; x_wconf 82' lang='lat' dir='ltr'><strong>Tributumque</strong></span> <span class='ocrx_word' id='word_1_18' title='bbox 519 579 745 653; x_wconf 68' lang='lat' dir='ltr'><strong>Apamensibus,</strong></span> <span class='ocrx_word' id='word_1_19' title='bbox 769 586 973 643; x_wconf 74' lang='lat' dir='ltr'><strong>terraemotu</strong></span> 
     </span>
    </p>

    <p class='ocr_par' dir='ltr' id='par_1_3' title="bbox 49 659 1075 1654">
     <span class='ocr_line' id='line_1_5' title="bbox 49 659 974 753; baseline 0.008 -19"><span class='ocrx_word' id='word_1_20' title='bbox 49 675 89 734; x_wconf 71' lang='lat'><strong>:39</strong></span> <span class='ocrx_word' id='word_1_21' title='bbox 103 675 264 744; x_wconf 78' lang='lat' dir='ltr'><strong>subvulsis,</strong></span> <span class='ocrx_word' id='word_1_22' title='bbox 277 676 308 734; x_wconf 92' lang='lat' dir='ltr'><strong>in</strong></span> <span class='ocrx_word' id='word_1_23' title='bbox 323 659 550 753; x_wconf 70' lang='lat' dir='ltr'><strong>quinquenniuni</strong></span> <span class='ocrx_word' id='word_1_24' title='bbox 571 679 730 736; x_wconf 84' lang='lat' dir='ltr'><strong>remissurn.</strong></span> <span class='ocrx_word' id='word_1_25' title='bbox 773 683 817 738; x_wconf 86' lang='lat' dir='ltr'><strong>At</strong></span> <span class='ocrx_word' id='word_1_26' title='bbox 831 683 974 741; x_wconf 81' lang='lat' dir='ltr'><strong>Claudius</strong></span> 
     </span>
     <span class='ocr_line' id='line_1_6' title="bbox 104 775 975 852; baseline 0.006 -18"><span class='ocrx_word' id='word_1_27' title='bbox 104 775 277 834; x_wconf 79' lang='lat' dir='ltr'><strong>saevissima</strong></span> <span class='ocrx_word' id='word_1_28' title='bbox 309 793 438 850; x_wconf 80' lang='lat' dir='ltr'><strong>quaeque</strong></span> <span class='ocrx_word' id='word_1_29' title='bbox 475 793 606 849; x_wconf 81' lang='lat' dir='ltr'><strong>promere</strong></span> <span class='ocrx_word' id='word_1_30' title='bbox 639 779 809 852; x_wconf 76' lang='lat' dir='ltr'><strong>adigebatur</strong></span> <span class='ocrx_word' id='word_1_31' title='bbox 841 780 975 852; x_wconf 82' lang='lat' dir='ltr'><strong>eiusdem</strong></span> 
     </span>
     <span class='ocr_line' id='line_1_7' title="bbox 108 874 1075 952; baseline 0.004 -18"><span class='ocrx_word' id='word_1_32' title='bbox 108 874 290 948; x_wconf 78' lang='lat' dir='ltr'>Agrippinae</span> <span class='ocrx_word' id='word_1_33' title='bbox 304 875 423 942; x_wconf 86' lang='lat' dir='ltr'><strong>artibus,</strong></span> <span class='ocrx_word' id='word_1_34' title='bbox 445 893 519 950; x_wconf 87' lang='lat' dir='ltr'><strong>quae</strong></span> <span class='ocrx_word' id='word_1_35' title='bbox 545 875 691 934; x_wconf 81' lang='lat' dir='ltr'><strong>Statilium</strong></span> <span class='ocrx_word' id='word_1_36' title='bbox 716 877 856 945; x_wconf 79' lang='lat' dir='ltr'>Taurum,</span> <span class='ocrx_word' id='word_1_37' title='bbox 870 879 979 952; x_wconf 82' lang='lat' dir='ltr'><strong>opibus</strong></span> <span class='ocrx_word' id='word_1_38' title='bbox 1074 913 1075 916; x_wconf 61' lang='lat'><em>=</em></span> 
     </span>
     <span class='ocr_line' id='line_1_8' title="bbox 102 967 1075 1048; baseline 0.006 -18"><span class='ocrx_word' id='word_1_39' title='bbox 102 973 264 1042; x_wconf 79' lang='lat' dir='ltr'><strong>inlustrem,</strong></span> <span class='ocrx_word' id='word_1_40' title='bbox 287 973 378 1031; x_wconf 83' lang='lat' dir='ltr'><strong>bortis</strong></span> <span class='ocrx_word' id='word_1_41' title='bbox 401 973 462 1032; x_wconf 89' lang='lat' dir='ltr'><strong>eius</strong></span> <span class='ocrx_word' id='word_1_42' title='bbox 486 973 611 1041; x_wconf 81' lang='lat' dir='ltr'><strong>inhians,</strong></span> <span class='ocrx_word' id='word_1_43' title='bbox 633 976 781 1048; x_wconf 73' lang='lat' dir='ltr'><strong>pervertit¹</strong></span> <span class='ocrx_word' id='word_1_44' title='bbox 809 984 971 1036; x_wconf 75' lang='lat' dir='ltr'><strong>accusante</strong></span> <span class='ocrx_word' id='word_1_45' title='bbox 1074 967 1075 1012; x_wconf 56' lang='lat' dir='ltr'><strong>i</strong></span> 
     </span>
     <span class='ocr_line' id='line_1_9' title="bbox 106 1071 973 1154; baseline 0.005 -24"><span class='ocrx_word' id='word_1_46' title='bbox 106 1072 260 1148; x_wconf 75' lang='lat' dir='ltr'><strong>Tarquitio</strong></span> <span class='ocrx_word' id='word_1_47' title='bbox 271 1071 378 1132; x_wconf 78' lang='lat' dir='ltr'><strong>Prisco.</strong></span> <span class='ocrx_word' id='word_1_48' title='bbox 410 1074 536 1148; x_wconf 76' lang='lat' dir='ltr'><strong>Legatos</strong></span> <span class='ocrx_word' id='word_1_49' title='bbox 547 1073 573 1130; x_wconf 89' lang='lat' dir='ltr'><strong>is</strong></span> <span class='ocrx_word' id='word_1_50' title='bbox 585 1073 687 1141; x_wconf 78' lang='lat' dir='ltr'><strong>Tauri,</strong></span> <span class='ocrx_word' id='word_1_51' title='bbox 700 1075 831 1154; x_wconf 69' lang='lat' dir='ltr'><strong>Atticam</strong></span> <span class='ocrx_word' id='word_1_52' title='bbox 847 1077 973 1150; x_wconf 84' lang='lat' dir='ltr'><strong>irnperio</strong></span> 
     </span>
     <span class='ocr_line' id='line_1_10' title="bbox 106 1171 971 1247; baseline 0.003 -18"><span class='ocrx_word' id='word_1_53' title='bbox 106 1171 331 1230; x_wconf 84' lang='lat' dir='ltr'><strong>Pronoonauiari</strong></span> <span class='ocrx_word' id='word_1_54' title='bbox 354 1173 491 1246; x_wconf 81' lang='lat' dir='ltr'><strong>regentis,</strong></span> <span class='ocrx_word' id='word_1_55' title='bbox 514 1177 664 1247; x_wconf 85' lang='lat' dir='ltr'><strong>postquam</strong></span> <span class='ocrx_word' id='word_1_56' title='bbox 678 1179 862 1240; x_wconf 82' lang='lat' dir='ltr'><strong>revenerunt,</strong></span> <span class='ocrx_word' id='word_1_57' title='bbox 877 1191 971 1247; x_wconf 86' lang='lat' dir='ltr'><strong>panea</strong></span> 
     </span>
     <span class='ocr_line' id='line_1_11' title="bbox 105 1269 971 1348; baseline 0.005 -22"><span class='ocrx_word' id='word_1_58' title='bbox 105 1269 316 1348; x_wconf 77' lang='lat' dir='ltr'><strong>repetundorum</strong></span> <span class='ocrx_word' id='word_1_59' title='bbox 347 1269 476 1337; x_wconf 70' lang='lat' dir='ltr'><strong>mmiao,</strong></span> <span class='ocrx_word' id='word_1_60' title='bbox 508 1277 637 1329; x_wconf 82' lang='lat' dir='ltr'><strong>ueterum</strong></span> <span class='ocrx_word' id='word_1_61' title='bbox 668 1269 795 1346; x_wconf 77' lang='lat' dir='ltr'><strong>mugiens</strong></span> <span class='ocrx_word' id='word_1_62' title='bbox 839 1271 971 1348; x_wconf 62' lang='lat' dir='ltr'><strong>mati·</strong></span> 
     </span>
     <span class='ocr_line' id='line_1_12' title="bbox 104 1347 969 1438; baseline 0 -10"><span class='ocrx_word' id='word_1_63' title='bbox 104 1369 192 1428; x_wconf 77' lang='lat' dir='ltr'><strong>tium</strong></span> <span class='ocrx_word' id='word_1_64' title='bbox 223 1369 400 1428; x_wconf 83' lang='lat' dir='ltr'><strong>obieetabat.</strong></span> <span class='ocrx_word' id='word_1_65' title='bbox 453 1369 520 1427; x_wconf 88' lang='lat' dir='ltr'><strong>Nee</strong></span> <span class='ocrx_word' id='word_1_66' title='bbox 559 1369 611 1428; x_wconf 87' lang='lat' dir='ltr'><strong>itte</strong></span> <span class='ocrx_word' id='word_1_67' title='bbox 643 1370 751 1428; x_wconf 84' lang='lat' dir='ltr'><strong>diutius</strong></span> <span class='ocrx_word' id='word_1_68' title='bbox 767 1433 770 1438; x_wconf 66' lang='grc'><strong>,</strong></span> <span class='ocrx_word' id='word_1_69' title='bbox 784 1347 890 1429; x_wconf 66' lang='lat' dir='ltr'><strong>tatsuin</strong></span> <span class='ocrx_word' id='word_1_70' title='bbox 921 1388 969 1428; x_wconf 87' lang='lat' dir='ltr'><strong>ae·</strong></span> 
     </span>
     <span class='ocr_line' id='line_1_13' title="bbox 105 1467 1075 1546; baseline 0 -18"><span class='ocrx_word' id='word_1_71' title='bbox 105 1475 266 1528; x_wconf 84' lang='lat' dir='ltr'><strong>ansatorenr</strong></span> <span class='ocrx_word' id='word_1_72' title='bbox 313 1467 537 1546; x_wconf 75' lang='lat' dir='ltr'><strong>indignamque</strong></span> <span class='ocrx_word' id='word_1_73' title='bbox 562 1474 668 1528; x_wconf 88' lang='lat' dir='ltr'><strong>sortem</strong></span> <span class='ocrx_word' id='word_1_74' title='bbox 702 1487 863 1544; x_wconf 87' lang='lat' dir='ltr'><strong>perpessus,</strong></span> <span class='ocrx_word' id='word_1_75' title='bbox 910 1469 972 1528; x_wconf 80' lang='lat' dir='ltr'><strong>rins</strong></span> <span class='ocrx_word' id='word_1_76' title='bbox 1074 1475 1075 1488; x_wconf 64' lang='lat'>¹</span> 
     </span>
     <span class='ocr_line' id='line_1_14' title="bbox 106 1568 1075 1654; baseline -0.001 -28"><span class='ocrx_word' id='word_1_77' title='bbox 106 1568 187 1626; x_wconf 86' lang='lat' dir='ltr'><strong>vitas</strong></span> <span class='ocrx_word' id='word_1_78' title='bbox 226 1585 296 1626; x_wconf 87' lang='lat' dir='ltr'><strong>suas</strong></span> <span class='ocrx_word' id='word_1_79' title='bbox 340 1569 455 1638; x_wconf 87' lang='lat' dir='ltr'><strong>adtulit,</strong></span> <span class='ocrx_word' id='word_1_80' title='bbox 496 1573 564 1628; x_wconf 86' lang='lat' dir='ltr'><strong>ante</strong></span> <span class='ocrx_word' id='word_1_81' title='bbox 606 1569 783 1628; x_wconf 85' lang='lat' dir='ltr'><strong>sententiam</strong></span> <span class='ocrx_word' id='word_1_82' title='bbox 833 1570 969 1627; x_wconf 86' lang='lat' dir='ltr'><strong>Senatus.</strong></span> <span class='ocrx_word' id='word_1_83' title='bbox 1074 1571 1075 1654; x_wconf 33' lang='grc' dir='ltr'>ζ</span> 
     </span>
    </p>
   </div>
   <div class='ocr_carea' id='block_1_3' title="bbox 53 1666 1075 1948">
    <p class='ocr_par' dir='ltr' id='par_1_4' title="bbox 53 1666 1075 1948">
     <span class='ocr_line' id='line_1_15' title="bbox 110 1666 969 1743; baseline 0 -17"><span class='ocrx_word' id='word_1_84' title='bbox 110 1666 280 1743; x_wconf 70' lang='lat' dir='ltr'><strong>Tarquitius</strong></span> <span class='ocrx_word' id='word_1_85' title='bbox 319 1672 419 1726; x_wconf 65' lang='lat' dir='ltr'><strong>umen</strong></span> <span class='ocrx_word' id='word_1_86' title='bbox 464 1671 585 1728; x_wconf 86' lang='lat' dir='ltr'><strong>exaetus</strong></span> <span class='ocrx_word' id='word_1_87' title='bbox 630 1674 695 1726; x_wconf 79' lang='lat' dir='ltr'><strong>est:</strong></span> <span class='ocrx_word' id='word_1_88' title='bbox 736 1669 813 1743; x_wconf 88' lang='lat' dir='ltr'><strong>quod</strong></span> <span class='ocrx_word' id='word_1_89' title='bbox 842 1669 969 1736; x_wconf 71' lang='lat' dir='ltr'><strong>¹Patres,</strong></span> 
     </span>
     <span class='ocr_line' id='line_1_16' title="bbox 104 1765 971 1837; baseline -0.002 -11"><span class='ocrx_word' id='word_1_90' title='bbox 104 1766 173 1826; x_wconf 87' lang='lat' dir='ltr'><strong>odio</strong></span> <span class='ocrx_word' id='word_1_91' title='bbox 199 1765 346 1830; x_wconf 78' lang='lat' dir='ltr'><strong>debtoris.</strong></span> <span class='ocrx_word' id='word_1_92' title='bbox 378 1772 481 1828; x_wconf 74' lang='lat' dir='ltr'><strong>eontm</strong></span> <span class='ocrx_word' id='word_1_93' title='bbox 510 1767 650 1827; x_wconf 88' lang='lat' dir='ltr'><strong>ambitum</strong></span> <span class='ocrx_word' id='word_1_94' title='bbox 682 1767 873 1837; x_wconf 70' lang='lat' dir='ltr'><strong>Agrippinae.</strong></span> <span class='ocrx_word' id='word_1_95' title='bbox 906 1785 971 1837; x_wconf 88' lang='lat' dir='ltr'><strong>per·</strong></span> 
     </span>
     <span class='ocr_line' id='line_1_17' title="bbox 53 1861 1075 1948; baseline -0.001 -26"><span class='ocrx_word' id='word_1_96' title='bbox 53 1861 93 1922; x_wconf 79' lang='lat'><strong>60</strong></span> <span class='ocrx_word' id='word_1_97' title='bbox 110 1861 219 1948; x_wconf 75' lang='lat' dir='ltr'><strong>vicere.</strong></span> <span class='ocrx_word' id='word_1_98' title='bbox 259 1861 371 1921; x_wconf 83' lang='lat' dir='ltr'><strong>Eodem</strong></span> <span class='ocrx_word' id='word_1_99' title='bbox 385 1879 464 1920; x_wconf 87' lang='lat' dir='ltr'><strong>anno</strong></span> <span class='ocrx_word' id='word_1_100' title='bbox 477 1861 591 1936; x_wconf 85' lang='lat' dir='ltr'><strong>saepius</strong></span> <span class='ocrx_word' id='word_1_101' title='bbox 612 1861 711 1919; x_wconf 88' lang='lat' dir='ltr'><strong>audita</strong></span> <span class='ocrx_word' id='word_1_102' title='bbox 732 1879 790 1918; x_wconf 81' lang='lat' dir='ltr'><strong>vox</strong></span> <span class='ocrx_word' id='word_1_103' title='bbox 815 1861 971 1936; x_wconf 79' lang='lat' dir='ltr'><strong>Principis,</strong></span> <span class='ocrx_word' id='word_1_104' title='bbox 1074 1873 1075 1880; x_wconf 73' lang='grc'>’</span> 
     </span>
    </p>
   </div>
   <div class='ocr_carea' id='block_1_4' title="bbox 103 1960 1075 3362">
    <p class='ocr_par' dir='ltr' id='par_1_5' title="bbox 103 1960 1075 3216">
     <span class='ocr_line' id='line_1_18' title="bbox 105 1960 970 2038; baseline -0.002 -17"><span class='ocrx_word' id='word_1_105' title='bbox 105 1967 225 2038; x_wconf 84' lang='lat' dir='ltr'><strong>‘parem</strong></span> <span class='ocrx_word' id='word_1_106' title='bbox 258 1960 319 2024; x_wconf 86' lang='lat' dir='ltr'><strong>vim</strong></span> <span class='ocrx_word' id='word_1_107' title='bbox 352 1977 447 2020; x_wconf 88' lang='lat' dir='ltr'><strong>rerum</strong></span> <span class='ocrx_word' id='word_1_108' title='bbox 479 1961 653 2028; x_wconf 86' lang='lat' dir='ltr'><strong>habendam,</strong></span> <span class='ocrx_word' id='word_1_109' title='bbox 685 1977 704 2016; x_wconf 91' lang='lat' dir='ltr'><strong>a</strong></span> <span class='ocrx_word' id='word_1_110' title='bbox 736 1961 970 2034; x_wconf 76' lang='lat' dir='ltr'><strong>procuratoribus</strong></span> 
     </span>
     <span class='ocr_line' id='line_1_19' title="bbox 104 2057 1075 2134; baseline -0.005 -12"><span class='ocrx_word' id='word_1_111' title='bbox 104 2069 113 2096; x_wconf 91' lang='lat'>‘</span> <span class='ocrx_word' id='word_1_112' title='bbox 127 2063 187 2122; x_wconf 87' lang='lat' dir='ltr'><strong>auis</strong></span> <span class='ocrx_word' id='word_1_113' title='bbox 200 2061 400 2130; x_wconf 85' lang='lat' dir='ltr'><strong>iudinatarum,</strong></span> <span class='ocrx_word' id='word_1_114' title='bbox 414 2077 450 2120; x_wconf 86' lang='lat' dir='ltr'><strong>ao</strong></span> <span class='ocrx_word' id='word_1_115' title='bbox 464 2061 489 2118; x_wconf 84' lang='lat' dir='ltr'><strong>ai</strong></span> <span class='ocrx_word' id='word_1_116' title='bbox 499 2059 562 2134; x_wconf 87' lang='lat' dir='ltr'><strong>ipse</strong></span> <span class='ocrx_word' id='word_1_117' title='bbox 577 2057 744 2118; x_wconf 82' lang='lat' dir='ltr'><strong>statuisset’</strong></span> <span class='ocrx_word' id='word_1_118' title='bbox 765 2077 810 2127; x_wconf 88' lang='lat' dir='ltr'><strong>ao,</strong></span> <span class='ocrx_word' id='word_1_119' title='bbox 824 2077 863 2118; x_wconf 90' lang='lat' dir='ltr'><strong>ne</strong></span> <span class='ocrx_word' id='word_1_120' title='bbox 876 2059 973 2118; x_wconf 80' lang='lat' dir='ltr'><strong>fortui-</strong></span> <span class='ocrx_word' id='word_1_121' title='bbox 1074 2057 1075 2066; x_wconf 74' lang='grc'>’</span> 
     </span>
     <span class='ocr_line' id='line_1_20' title="bbox 105 2160 1075 2237; baseline -0.005 -16"><span class='ocrx_word' id='word_1_122' title='bbox 105 2168 137 2221; x_wconf 89' lang='lat' dir='ltr'><strong>to</strong></span> <span class='ocrx_word' id='word_1_123' title='bbox 163 2164 312 2237; x_wconf 89' lang='lat' dir='ltr'><strong>prolapsus</strong></span> <span class='ocrx_word' id='word_1_124' title='bbox 344 2160 500 2226; x_wconf 85' lang='lat' dir='ltr'><strong>videretur,</strong></span> <span class='ocrx_word' id='word_1_125' title='bbox 534 2160 661 2218; x_wconf 86' lang='lat' dir='ltr'><strong>Senatus</strong></span> <span class='ocrx_word' id='word_1_126' title='bbox 696 2175 808 2234; x_wconf 90' lang='lat' dir='ltr'><strong>quoque</strong></span> <span class='ocrx_word' id='word_1_127' title='bbox 835 2163 975 2218; x_wconf 82' lang='lat' dir='ltr'><strong>eonsuito</strong></span> <span class='ocrx_word' id='word_1_128' title='bbox 1074 2173 1075 2216; x_wconf 54' lang='grc' dir='ltr'><em>ἕ</em></span> 
     </span>
     <span class='ocr_line' id='line_1_21' title="bbox 105 2257 973 2334; baseline -0.007 -14"><span class='ocrx_word' id='word_1_129' title='bbox 105 2267 231 2329; x_wconf 79' lang='lat' dir='ltr'><strong>cautum,</strong></span> <span class='ocrx_word' id='word_1_130' title='bbox 254 2260 367 2334; x_wconf 85' lang='lat' dir='ltr'><strong>plenius</strong></span> <span class='ocrx_word' id='word_1_131' title='bbox 386 2275 471 2333; x_wconf 89' lang='lat' dir='ltr'><strong>quam</strong></span> <span class='ocrx_word' id='word_1_132' title='bbox 491 2264 579 2316; x_wconf 85' lang='lat' dir='ltr'><strong>antea</strong></span> <span class='ocrx_word' id='word_1_133' title='bbox 602 2267 632 2315; x_wconf 87' lang='lat' dir='ltr'><strong>et</strong></span> <span class='ocrx_word' id='word_1_134' title='bbox 651 2257 775 2314; x_wconf 85' lang='lat' dir='ltr'><strong>uberius.</strong></span> <span class='ocrx_word' id='word_1_135' title='bbox 825 2258 906 2316; x_wconf 85' lang='lat' dir='ltr'><strong>Nam</strong></span> <span class='ocrx_word' id='word_1_136' title='bbox 932 2259 973 2317; x_wconf 91' lang='lat' dir='ltr'><strong>D.</strong></span> 
     </span>
     <span class='ocr_line' id='line_1_22' title="bbox 106 2356 972 2436; baseline -0.005 -17"><span class='ocrx_word' id='word_1_137' title='bbox 106 2362 264 2436; x_wconf 81' lang='lat' dir='ltr'><strong>Augustus,</strong></span> <span class='ocrx_word' id='word_1_138' title='bbox 284 2359 377 2433; x_wconf 89' lang='lat' dir='ltr'><strong>‘apud</strong></span> <span class='ocrx_word' id='word_1_139' title='bbox 405 2358 570 2432; x_wconf 79' lang='lat' dir='ltr'><strong>Equestres,</strong></span> <span class='ocrx_word' id='word_1_140' title='bbox 590 2356 638 2430; x_wconf 91' lang='lat' dir='ltr'><strong>qui</strong></span> <span class='ocrx_word' id='word_1_141' title='bbox 661 2357 799 2430; x_wconf 77' lang='lat' dir='ltr'><strong>Aegypto</strong></span> <span class='ocrx_word' id='word_1_142' title='bbox 826 2357 972 2429; x_wconf 88' lang='lat' dir='ltr'><strong>praeside-</strong></span> 
     </span>
     <span class='ocr_line' id='line_1_23' title="bbox 106 2454 975 2532; baseline -0.005 -15"><span class='ocrx_word' id='word_1_143' title='bbox 106 2464 203 2527; x_wconf 79' lang='lat' dir='ltr'><strong>‘rent</strong></span> <span class='ocrx_word' id='word_1_144' title='bbox 230 2461 296 2532; x_wconf 84' lang='lat' dir='ltr'><strong>lege</strong></span> <span class='ocrx_word' id='word_1_145' title='bbox 316 2457 373 2531; x_wconf 79' lang='lat' dir='ltr'><strong>agi,</strong></span> <span class='ocrx_word' id='word_1_146' title='bbox 397 2458 571 2530; x_wconf 79' lang='lat' dir='ltr'><strong>decretaque</strong></span> <span class='ocrx_word' id='word_1_147' title='bbox 598 2473 696 2513; x_wconf 84' lang='lat' dir='ltr'><strong>eorum</strong></span> <span class='ocrx_word' id='word_1_148' title='bbox 723 2454 842 2529; x_wconf 87' lang='lat' dir='ltr'><strong>perinde</strong></span> <span class='ocrx_word' id='word_1_149' title='bbox 870 2456 975 2513; x_wconf 88' lang='lat' dir='ltr'><strong>baberi</strong></span> 
     </span>
     <span class='ocr_line' id='line_1_24' title="bbox 105 2552 971 2634; baseline -0.005 -18"><span class='ocrx_word' id='word_1_150' title='bbox 105 2558 259 2626; x_wconf 74' lang='lat' dir='ltr'><strong>‘iusserat</strong></span> <span class='ocrx_word' id='word_1_151' title='bbox 279 2573 314 2614; x_wconf 89' lang='lat' dir='ltr'><strong>ae</strong></span> <span class='ocrx_word' id='word_1_152' title='bbox 333 2555 359 2612; x_wconf 88' lang='lat' dir='ltr'><strong>si</strong></span> <span class='ocrx_word' id='word_1_153' title='bbox 372 2555 560 2629; x_wconf 74' lang='lat' dir='ltr'><strong>magistratus</strong></span> <span class='ocrx_word' id='word_1_154' title='bbox 577 2553 702 2612; x_wconf 83' lang='lat' dir='ltr'><strong>Romani</strong></span> <span class='ocrx_word' id='word_1_155' title='bbox 721 2553 946 2634; x_wconf 76' lang='lat' dir='ltr'><strong>constituissent</strong></span> <span class='ocrx_word' id='word_1_156' title='bbox 953 2552 971 2611; x_wconf 86' lang='lat'><strong>:’</strong></span> 
     </span>
     <span class='ocr_line' id='line_1_25' title="bbox 106 2652 974 2729; baseline -0.006 -14"><span class='ocrx_word' id='word_1_157' title='bbox 106 2675 175 2715; x_wconf 87' lang='lat' dir='ltr'><strong>mox</strong></span> <span class='ocrx_word' id='word_1_158' title='bbox 195 2657 268 2714; x_wconf 87' lang='lat' dir='ltr'><strong>alias</strong></span> <span class='ocrx_word' id='word_1_159' title='bbox 282 2673 333 2729; x_wconf 85' lang='lat' dir='ltr'><strong>per</strong></span> <span class='ocrx_word' id='word_1_160' title='bbox 353 2653 527 2728; x_wconf 82' lang='lat' dir='ltr'><strong>provincius,</strong></span> <span class='ocrx_word' id='word_1_161' title='bbox 547 2657 578 2710; x_wconf 90' lang='lat' dir='ltr'><strong>et</strong></span> <span class='ocrx_word' id='word_1_162' title='bbox 596 2652 629 2709; x_wconf 90' lang='lat' dir='ltr'><strong>in</strong></span> <span class='ocrx_word' id='word_1_163' title='bbox 655 2654 725 2709; x_wconf 90' lang='lat' dir='ltr'><strong>urbe</strong></span> <span class='ocrx_word' id='word_1_164' title='bbox 745 2654 882 2726; x_wconf 77' lang='lat' dir='ltr'><strong>pleraque</strong></span> <span class='ocrx_word' id='word_1_165' title='bbox 902 2670 974 2710; x_wconf 86' lang='lat' dir='ltr'><strong>uon-</strong></span> 
     </span>
     <span class='ocr_line' id='line_1_26' title="bbox 105 2750 972 2827; baseline -0.003 -15"><span class='ocrx_word' id='word_1_166' title='bbox 105 2771 188 2813; x_wconf 82' lang='lat' dir='ltr'><strong>oesse</strong></span> <span class='ocrx_word' id='word_1_167' title='bbox 215 2759 291 2822; x_wconf 84' lang='lat' dir='ltr'><strong>sunt,</strong></span> <span class='ocrx_word' id='word_1_168' title='bbox 311 2769 383 2827; x_wconf 90' lang='lat' dir='ltr'><strong>quae</strong></span> <span class='ocrx_word' id='word_1_169' title='bbox 410 2751 481 2810; x_wconf 89' lang='lat' dir='ltr'><strong>olim</strong></span> <span class='ocrx_word' id='word_1_170' title='bbox 512 2768 530 2808; x_wconf 89' lang='lat' dir='ltr'><strong>a</strong></span> <span class='ocrx_word' id='word_1_171' title='bbox 554 2750 736 2808; x_wconf 75' lang='lat' dir='ltr'><strong>Praetoribus</strong></span> <span class='ocrx_word' id='word_1_172' title='bbox 764 2752 972 2809; x_wconf 81' lang='lat' dir='ltr'><strong>noscebantur.</strong></span> 
     </span>
     <span class='ocr_line' id='line_1_27' title="bbox 107 2847 975 2922; baseline -0.007 -9"><span class='ocrx_word' id='word_1_173' title='bbox 107 2853 247 2914; x_wconf 77' lang='lat' dir='ltr'><strong>Claudius</strong></span> <span class='ocrx_word' id='word_1_174' title='bbox 266 2869 354 2908; x_wconf 85' lang='lat' dir='ltr'><strong>omne</strong></span> <span class='ocrx_word' id='word_1_175' title='bbox 367 2851 414 2906; x_wconf 89' lang='lat' dir='ltr'><strong>ius</strong></span> <span class='ocrx_word' id='word_1_176' title='bbox 431 2849 560 2916; x_wconf 83' lang='lat' dir='ltr'><strong>tradidit,</strong></span> <span class='ocrx_word' id='word_1_177' title='bbox 578 2850 686 2922; x_wconf 87' lang='lat' dir='ltr'><strong>dequo</strong></span> <span class='ocrx_word' id='word_1_178' title='bbox 705 2847 813 2905; x_wconf 86' lang='lat' dir='ltr'><strong>totiens</strong></span> <span class='ocrx_word' id='word_1_179' title='bbox 827 2850 975 2907; x_wconf 83' lang='lat' dir='ltr'><strong>seditione</strong></span> 
     </span>
     <span class='ocr_line' id='line_1_28' title="bbox 105 2945 973 3020; baseline -0.005 -11"><span class='ocrx_word' id='word_1_180' title='bbox 105 2957 154 3010; x_wconf 86' lang='lat' dir='ltr'><strong>aut</strong></span> <span class='ocrx_word' id='word_1_181' title='bbox 181 2949 267 3006; x_wconf 86' lang='lat' dir='ltr'><strong>armis</strong></span> <span class='ocrx_word' id='word_1_182' title='bbox 295 2953 444 3015; x_wconf 81' lang='lat' dir='ltr'><strong>certatum,</strong></span> <span class='ocrx_word' id='word_1_183' title='bbox 472 2965 538 3005; x_wconf 87' lang='lat' dir='ltr'><strong>eum</strong></span> <span class='ocrx_word' id='word_1_184' title='bbox 564 2945 743 3019; x_wconf 77' lang='lat' dir='ltr'><strong>Semproniis</strong></span> <span class='ocrx_word' id='word_1_185' title='bbox 773 2947 973 3020; x_wconf 80' lang='lat' dir='ltr'><strong>rogationibus</strong></span> 
     </span>
     <span class='ocr_line' id='line_1_29' title="bbox 104 3041 973 3124; baseline -0.009 -14"><span class='ocrx_word' id='word_1_186' title='bbox 104 3051 246 3124; x_wconf 77' lang='lat' dir='ltr'><strong>Equester</strong></span> <span class='ocrx_word' id='word_1_187' title='bbox 264 3047 334 3104; x_wconf 87' lang='lat' dir='ltr'><strong>ordo</strong></span> <span class='ocrx_word' id='word_1_188' title='bbox 356 3045 388 3102; x_wconf 88' lang='lat' dir='ltr'><strong>in</strong></span> <span class='ocrx_word' id='word_1_189' title='bbox 407 3045 587 3118; x_wconf 85' lang='lat' dir='ltr'><strong>possessione</strong></span> <span class='ocrx_word' id='word_1_190' title='bbox 611 3041 783 3101; x_wconf 80' lang='lat' dir='ltr'><strong>iudiciorum</strong></span> <span class='ocrx_word' id='word_1_191' title='bbox 806 3045 973 3117; x_wconf 80' lang='lat' dir='ltr'><strong>locaretur3</strong></span> 
     </span>
     <span class='ocr_line' id='line_1_30' title="bbox 103 3141 973 3216; baseline -0.005 -12"><span class='ocrx_word' id='word_1_192' title='bbox 103 3153 154 3205; x_wconf 87' lang='lat' dir='ltr'><strong>unt</strong></span> <span class='ocrx_word' id='word_1_193' title='bbox 181 3161 290 3202; x_wconf 87' lang='lat' dir='ltr'><strong>rursum</strong></span> <span class='ocrx_word' id='word_1_194' title='bbox 316 3143 460 3199; x_wconf 83' lang='lat' dir='ltr'><strong>Serviliae</strong></span> <span class='ocrx_word' id='word_1_195' title='bbox 484 3145 565 3216; x_wconf 82' lang='lat' dir='ltr'><strong>teges</strong></span> <span class='ocrx_word' id='word_1_196' title='bbox 588 3141 710 3200; x_wconf 85' lang='lat' dir='ltr'><strong>Senatui</strong></span> <span class='ocrx_word' id='word_1_197' title='bbox 734 3141 844 3199; x_wconf 78' lang='lat' dir='ltr'><strong>iudicia</strong></span> <span class='ocrx_word' id='word_1_198' title='bbox 871 3145 973 3200; x_wconf 89' lang='lat' dir='ltr'><strong>redde-</strong></span> 
     </span>
    </p>

    <p class='ocr_par' dir='ltr' id='par_1_6' title="bbox 133 3292 973 3362">
     <span class='ocr_line' id='line_1_31' title="bbox 133 3292 973 3362; baseline 0.001 -21"><span class='ocrx_word' id='word_1_199' title='bbox 133 3295 203 3351; x_wconf 82' lang='lat' dir='ltr'><strong>Apud</strong></span> <span class='ocrx_word' id='word_1_200' title='bbox 220 3294 346 3354; x_wconf 78' lang='lat' dir='ltr'><strong>Equestres]</strong></span> <span class='ocrx_word' id='word_1_201' title='bbox 378 3293 444 3337; x_wconf 86' lang='lat' dir='ltr'><strong>Nove</strong></span> <span class='ocrx_word' id='word_1_202' title='bbox 462 3292 505 3338; x_wconf 85' lang='lat' dir='ltr'><strong>boe</strong></span> <span class='ocrx_word' id='word_1_203' title='bbox 522 3293 614 3350; x_wconf 84' lang='lat' dir='ltr'><strong>dietum,</strong></span> <span class='ocrx_word' id='word_1_204' title='bbox 633 3293 820 3362; x_wconf 68' lang='lat' dir='ltr'><strong>prq&#39;Equitibuq</strong></span> <span class='ocrx_word' id='word_1_205' title='bbox 835 3295 873 3340; x_wconf 83' lang='lat' dir='ltr'><strong>vel</strong></span> <span class='ocrx_word' id='word_1_206' title='bbox 888 3295 973 3343; x_wconf 86' lang='lat' dir='ltr'><strong>ordinis</strong></span> 
     </span>
    </p>
   </div>
   <div class='ocr_carea' id='block_1_5' title="bbox 102 3351 972 3469">
    <p class='ocr_par' dir='ltr' id='par_1_7' title="bbox 102 3351 972 3469">
     <span class='ocr_line' id='line_1_32' title="bbox 103 3351 972 3411; baseline 0.001 -11"><span class='ocrx_word' id='word_1_207' title='bbox 103 3353 220 3411; x_wconf 79' lang='lat' dir='ltr'><strong>Equestris</strong></span> <span class='ocrx_word' id='word_1_208' title='bbox 230 3351 360 3403; x_wconf 80' lang='lat' dir='ltr'><strong>hominibus.</strong></span> <span class='ocrx_word' id='word_1_209' title='bbox 371 3364 411 3395; x_wconf 81' lang='lat' dir='ltr'><strong>nec</strong></span> <span class='ocrx_word' id='word_1_210' title='bbox 421 3355 473 3394; x_wconf 86' lang='lat' dir='ltr'><strong>aute</strong></span> <span class='ocrx_word' id='word_1_211' title='bbox 483 3351 588 3398; x_wconf 79' lang='lat' dir='ltr'><strong>Taciturn</strong></span> <span class='ocrx_word' id='word_1_212' title='bbox 598 3351 700 3410; x_wconf 76' lang='lat' dir='ltr'><strong>reperiri.</strong></span> <span class='ocrx_word' id='word_1_213' title='bbox 711 3357 773 3397; x_wconf 84' lang='lat' dir='ltr'><strong>recte</strong></span> <span class='ocrx_word' id='word_1_214' title='bbox 782 3359 857 3398; x_wconf 85' lang='lat' dir='ltr'><strong>monet</strong></span> <span class='ocrx_word' id='word_1_215' title='bbox 869 3354 972 3401; x_wconf 73' lang='lat' dir='ltr'><strong>Duram</strong></span> 
     </span>
     <span class='ocr_line' id='line_1_33' title="bbox 102 3406 888 3469; baseline -0.005 -15"><span class='ocrx_word' id='word_1_216' title='bbox 102 3411 130 3454; x_wconf 87' lang='lat' dir='ltr'><strong>ad</strong></span> <span class='ocrx_word' id='word_1_217' title='bbox 140 3411 190 3454; x_wconf 85' lang='lat' dir='ltr'><strong>Liv.</strong></span> <span class='ocrx_word' id='word_1_218' title='bbox 202 3414 238 3456; x_wconf 88' lang='grc'><strong>33.</strong></span> <span class='ocrx_word' id='word_1_219' title='bbox 249 3414 285 3460; x_wconf 76' lang='lat'><strong>26.</strong></span> <span class='ocrx_word' id='word_1_220' title='bbox 296 3408 398 3454; x_wconf 76' lang='lat' dir='ltr'><strong>similiter</strong></span> <span class='ocrx_word' id='word_1_221' title='bbox 408 3406 464 3451; x_wconf 86' lang='lat' dir='ltr'><strong>inira</strong></span> <span class='ocrx_word' id='word_1_222' title='bbox 475 3409 553 3460; x_wconf 60' lang='grc' dir='ltr'>13,ιί0.</span> <span class='ocrx_word' id='word_1_223' title='bbox 584 3408 662 3456; x_wconf 73' lang='lat' dir='ltr'><strong>latim</strong></span> <span class='ocrx_word' id='word_1_224' title='bbox 672 3409 763 3456; x_wconf 67' lang='lat' dir='ltr'><strong>Demus</strong></span> <span class='ocrx_word' id='word_1_225' title='bbox 773 3410 888 3469; x_wconf 64' lang='grc' dir='ltr'><em>Εςωη,</em></span> 
     </span>
    </p>
   </div>
   <div class='ocr_carea' id='block_1_6' title="bbox 101 3483 972 3652">
    <p class='ocr_par' dir='ltr' id='par_1_8' title="bbox 101 3483 972 3652">
     <span class='ocr_line' id='line_1_34' title="bbox 129 3483 972 3548; baseline 0.012 -22"><span class='ocrx_word' id='word_1_226' title='bbox 129 3483 238 3528; x_wconf 64' lang='lat' dir='ltr'><strong>beritius</strong></span> <span class='ocrx_word' id='word_1_227' title='bbox 247 3487 312 3542; x_wconf 79' lang='lat' dir='ltr'><strong>teges]</strong></span> <span class='ocrx_word' id='word_1_228' title='bbox 343 3483 419 3528; x_wconf 87' lang='lat' dir='ltr'><strong>Plures</strong></span> <span class='ocrx_word' id='word_1_229' title='bbox 428 3496 456 3526; x_wconf 86' lang='lat' dir='ltr'><strong>eo</strong></span> <span class='ocrx_word' id='word_1_230' title='bbox 471 3483 573 3528; x_wconf 87' lang='lat' dir='ltr'><strong>nomine·</strong></span> <span class='ocrx_word' id='word_1_231' title='bbox 591 3486 629 3530; x_wconf 86' lang='lat' dir='ltr'><strong>sed</strong></span> <span class='ocrx_word' id='word_1_232' title='bbox 639 3499 684 3530; x_wconf 87' lang='lat' dir='ltr'><strong>una</strong></span> <span class='ocrx_word' id='word_1_233' title='bbox 695 3486 820 3542; x_wconf 79' lang='lat' dir='ltr'><strong>iudiciaria,</strong></span> <span class='ocrx_word' id='word_1_234' title='bbox 833 3503 900 3548; x_wconf 86' lang='lat' dir='ltr'><strong>quam</strong></span> <span class='ocrx_word' id='word_1_235' title='bbox 916 3489 972 3536; x_wconf 86' lang='lat' dir='ltr'><strong>tulit</strong></span> 
     </span>
     <span class='ocr_line' id='line_1_35' title="bbox 101 3537 972 3610; baseline 0.016 -28"><span class='ocrx_word' id='word_1_236' title='bbox 101 3537 120 3552; x_wconf 62' lang='grc' dir='ltr'><strong>Λ</strong></span> <span class='ocrx_word' id='word_1_237' title='bbox 141 3540 247 3600; x_wconf 78' lang='lat' dir='ltr'><strong>Servilius</strong></span> <span class='ocrx_word' id='word_1_238' title='bbox 257 3541 341 3608; x_wconf 58' lang='lat' dir='ltr'><strong>Caejpio</strong></span> <span class='ocrx_word' id='word_1_239' title='bbox 355 3539 444 3606; x_wconf 74' lang='lat' dir='ltr'><strong>Consul.</strong></span> <span class='ocrx_word' id='word_1_240' title='bbox 456 3539 484 3582; x_wconf 87' lang='lat' dir='ltr'><strong>de</strong></span> <span class='ocrx_word' id='word_1_241' title='bbox 492 3553 535 3597; x_wconf 88' lang='lat' dir='ltr'><strong>qua</strong></span> <span class='ocrx_word' id='word_1_242' title='bbox 544 3541 625 3586; x_wconf 76' lang='lat' dir='ltr'><strong>Cicero</strong></span> <span class='ocrx_word' id='word_1_243' title='bbox 638 3543 734 3602; x_wconf 86' lang='lat' dir='ltr'><strong>saepius,</strong></span> <span class='ocrx_word' id='word_1_244' title='bbox 743 3550 767 3592; x_wconf 87' lang='lat' dir='ltr'><strong>et</strong></span> <span class='ocrx_word' id='word_1_245' title='bbox 777 3547 887 3595; x_wconf 67' lang='lat' dir='ltr'><strong>samnius</strong></span> <span class='ocrx_word' id='word_1_246' title='bbox 897 3547 920 3595; x_wconf 83' lang='lat' dir='ltr'><strong>iu</strong></span> <span class='ocrx_word' id='word_1_247' title='bbox 930 3562 972 3610; x_wconf 73' lang='lat' dir='ltr'><strong>pn</strong></span> 
     </span>
     <span class='ocr_line' id='line_1_36' title="bbox 166 3595 714 3652; baseline 0.011 -14"><span class='ocrx_word' id='word_1_248' title='bbox 166 3607 240 3642; x_wconf 64' lang='lat' dir='ltr'><strong>sauro.</strong></span> <span class='ocrx_word' id='word_1_249' title='bbox 271 3597 332 3652; x_wconf 62' lang='grc' dir='ltr'><em>[αμα.</em></span> <span class='ocrx_word' id='word_1_250' title='bbox 364 3595 525 3642; x_wconf 77' lang='lat' dir='ltr'><strong>VadeCIavem</strong></span> <span class='ocrx_word' id='word_1_251' title='bbox 535 3597 714 3650; x_wconf 75' lang='lat' dir='ltr'><strong>Ciceronianam.</strong></span> 
     </span>
    </p>
   </div>
   <div class='ocr_carea' id='block_1_7' title="bbox 0 0 1098 3850">
    <p class='ocr_par' dir='ltr' id='par_1_9' title="bbox 0 0 1098 3850">
     <span class='ocr_line' id='line_1_37' title="bbox 0 0 1098 3850; baseline 0 0"><span class='ocrx_word' id='word_1_252' title='bbox 0 0 1098 3850; x_wconf 95' lang='lat' dir='ltr'><strong> </strong></span> 
     </span>
    </p>
   </div>
  </div>
 </body>
</html>
