2134 3826
100 237 179 286 ac.
200 241 236 286 u.
341 235 459 286 arur.
512 235 595 286 car.
622 213 792 286 ae-at.
932 219 982 290 tr

103 397 232 468 gentem,
254 391 405 466 insignem
417 397 571 467 utrumque
585 391 704 467 pertidia
723 392 756 452 in
774 409 828 454 nou
848 397 899 454 aut
918 393 985 454 ida.

105 493 265 554 Arminina
301 495 430 552 turbator
461 493 666 564 Germaniam
703 495 849 572 Segestes,
882 495 986 572 ammi

103 592 296 661 rebellionem,
318 609 407 666 saepe
427 594 510 661 alias,
538 601 569 652 at
596 611 730 669 suprema
749 595 901 664 convivia,
921 601 986 670 pust

104 695 184 770 quod
204 693 238 752 in
259 710 343 752 arma
363 693 445 760 itum,
466 694 599 767 aperuit:
619 693 766 770 suasitque
787 694 880 762 Varo,
899 701 931 753 ut
955 711 986 754 sc

105 800 131 852 et
153 791 322 850 crusinam
340 798 368 850 et
386 797 632 869 murospmcrcs
651 791 790 859 vincirete
808 791 883 853 stitit
901 809 986 852 mute

106 889 508 970 mpucmprinctpttm
538 889 765 969 mactisectmsc
793 891 851 971 ipsi
880 899 986 972 turmae

98 991 179 1070 scre,
198 1010 256 1070 quc
275 989 439 1050 crisniucrt
464 987 595 1048 canocice
615 989 790 1050 discerneret.
810 993 862 1052 aed
886 993 985 1052 Varus

105 1091 167 1150 tato
192 1099 226 1150 at
253 1091 288 1148 vi
316 1090 446 1150 Arminii
471 1091 591 1149 cecidit.
645 1093 793 1167 Segestae,
811 1109 985 1168 quamquam

106 1209 254 1250 consensu
269 1191 367 1266 gentis
381 1191 414 1248 iu
438 1191 546 1248 betium
560 1195 679 1258 tractus,
705 1193 816 1250 discors
838 1193 984 1261 manabat,

106 1293 200 1350 acatia
235 1290 376 1366 privatim
396 1289 482 1358 odiis,
515 1292 591 1366 quod
612 1291 764 1350 Arminius
792 1292 882 1350 titiam
911 1291 984 1362 eius,

104 1393 156 1450 atii
176 1397 308 1466 pactam,
329 1395 472 1464 rapuerat.
484 1409 574 1466 gener
600 1390 724 1458 invisus,
738 1391 853 1450 inimici
867 1391 980 1452 soceri:

106 1510 239 1568 quaeque
260 1491 338 1565 apud
369 1491 531 1548 concordes
560 1488 678 1548 uincula
704 1490 843 1558 caritatis,
877 1491 981 1550 incita·

105 1598 206 1650 manta
220 1591 330 1648 irarum
353 1590 429 1663 apud
444 1589 573 1648 intensae
586 1595 680 1648 erant.
720 1591 812 1666 igitur
826 1590 1029 1651 Germani-56

104 1707 156 1750 cus
169 1696 296 1766 quatuor
319 1689 460 1764 legiones,
484 1689 609 1764 quinque
630 1689 802 1748 auxiliarum
828 1689 930 1758 mittin,
948 1695 980 1748 et

102 1790 309 1850 tunuttnarias
344 1795 480 1846 catervas
516 1789 738 1857 Germanorum,
767 1789 812 1848 cis
841 1789 979 1848 Rhenum

101 1891 278 1957 colentium,
300 1887 450 1946 Caecinae
475 1889 561 1946 tradit
583 1908 591 1944 ε
626 1888 747 1946 totidem
768 1890 909 1963 legiones,
928 1890 979 1948 du·

104 1995 213 2067 plicam
227 1992 373 2050 sociorum
387 2009 536 2050 numerum
551 1992 613 2066 ipse
630 1991 731 2061 duait3
753 1992 902 2068 positoque
915 2009 979 2052 aas·

105 2096 177 2150 teliu
210 2110 300 2165 snper
327 2091 452 2165 vestigia
483 2091 596 2165 paterni
626 2091 773 2165 praesidii,
810 2092 842 2150 iu
877 2097 977 2150 monte

103 2193 225 2258 Tauno,
245 2191 416 2264 expeditum
444 2191 606 2248 exercitum
634 2190 665 2247 in
700 2191 804 2248 Cattos
823 2189 918 2263 rapite
939 2190 976 2249 L.

105 2291 241 2364 Apronio
261 2291 298 2347 ad
320 2290 496 2348 munitiones
511 2290 624 2347 viarum
637 2294 668 2346 ct
693 2287 843 2346 fluminum
864 2287 978 2356 relicto,

103 2409 173 2450 nam
200 2389 310 2467 (rarum
336 2389 382 2446 itti
401 2387 498 2468 caetu)
527 2389 663 2447 siccitate
683 2393 714 2446 et
733 2386 867 2447 amnibus
888 2385 977 2446 modi·

102 2490 157 2556 cie,
190 2489 365 2546 inoffensum
392 2488 448 2546 iter
481 2492 709 2563 properaverat3
740 2487 902 2562 imbresque
945 2491 977 2546 et

105 2588 257 2646 fluminum
270 2595 373 2645 auctus
384 2588 559 2662 regredienti
573 2588 784 2646 metuebantur.
827 2587 885 2644 Sed
907 2587 974 2646 (iat-

104 2689 141 2747 tis
155 2689 232 2744 adeo
257 2686 430 2759 improvisus
444 2686 576 2752 advenit,
590 2691 630 2750 ut,
644 2687 718 2761 quud
733 2685 911 2744 imbecillum
927 2705 973 2744 ae·

103 2791 163 2845 tate
178 2803 214 2843 ac
226 2803 309 2850 sexu,
329 2785 427 2844 statim
441 2791 560 2858 captum
579 2792 629 2842 aut
644 2785 817 2844 trucidatum
836 2787 883 2844 sit.
926 2787 974 2844 lu·

105 2891 210 2944 ventus
226 2885 332 2942 flumen
349 2885 497 2942 Adranam
512 2885 610 2942 nando
630 2884 800 2951 tramiserat,
814 2885 973 2942 Romanoa-

103 3003 167 3061 qae,
196 2990 315 3056 pontem
340 2983 516 3056 coeptantis,
542 2984 702 3040 arcebant:
722 2972 792 3040 dein
820 2983 972 3040 tormentis

105 3084 275 3162 sagittisque
294 3083 377 3155 puisi,
391 3083 511 3140 tentatie
524 3082 626 3139 trustra
647 3081 862 3140 conditionibus
881 3081 972 3154 pacit,

103 3201 167 3244 cum
192 3181 311 3256 quidam
338 3183 375 3240 ad
402 3177 610 3239 Germanicum
631 3181 832 3254 perfugissent,
858 3179 970 3253 reliqui,

102 3282 214 3341 omissis
236 3281 318 3353 pagis
339 3281 479 3354 vicisque,
499 3281 530 3338 iu
553 3281 644 3337 siivas
664 3279 874 3350 disperguntur.
896 3279 970 3332 Cae·

102 3401 154 3445 aar,
174 3381 300 3438 incenso
322 3379 438 3445 Mattio,
467 3375 511 3454 (id
532 3379 613 3451 genti
634 3373 745 3448 carnut)
765 3377 863 3442 aperta
885 3383 972 3438 popu-

101 3483 186 3550 tatus,
216 3479 307 3538 vertit
333 3479 370 3537 ad
397 3479 556 3535 Rhenum:
591 3491 651 3530 non
678 3485 750 3526 ausa
783 3467 866 3520 hoste
893 3465 975 3528 terga

980 3715 1054 3774 A
