2134 3826
119 203 251 252 uere
338 203 408 250 uns.
435 199 458 250 1.
510 201 589 250 car.
619 181 674 251 tit.
704 181 760 252 16.
794 185 845 254 t7.
946 183 989 254 21

119 358 202 424 stitis,
224 359 265 414 ob
288 357 430 416 iustitium
458 363 508 416 out
535 359 670 432 goudium
696 358 888 417 intermiserat
908 361 995 418 solito

17 449 23 462 ⁸
121 459 233 522 munis.
289 458 337 516 Eo
364 457 509 531 principio
535 457 672 516 lascivire
699 457 792 524 miles,
818 461 994 528 discordare,

120 556 243 630 pessimi
256 557 397 630 cuiusque
418 558 597 614 sermonibus
612 559 750 631 praebere
764 577 856 624 aures,
869 561 995 633 denique

121 660 227 714 luxum
250 663 282 714 et
305 658 397 714 otium
419 673 533 729 cupere,
547 658 732 730 disciplinam
754 665 784 715 et
808 659 934 714 laborem
949 659 996 715 ud·

121 758 265 830 spernrui.
307 757 424 814 Eratin
449 758 550 814 castris
576 759 755 816 Percennius
779 761 905 832 quidem,
937 761 997 815 ‹tox

121 858 193 912 otim
209 856 397 916 theatralium
411 873 571 928 operarum,
585 857 653 914 dein
669 859 817 932 gregarius
827 857 920 922 mites,
937 873 997 928 pro·

119 972 178 1012 ccx
202 955 314 1028 tingus,
328 961 358 1010 et
381 956 503 1011 miscere
523 961 625 1013 coetus
642 957 805 1013 histrionali
819 958 916 1014 studio
930 958 997 1013 doc·

120 1059 176 1112 tus.
219 1056 249 1112 ts
263 1055 414 1126 imperitos
432 1055 553 1122 animos,
568 1061 607 1121 et,
632 1073 775 1129 quaenam
804 1063 867 1130 post
885 1058 998 1128 Augus·

123 1160 183 1211 tum
198 1153 324 1210 militiae
338 1153 479 1220 conditio,
500 1155 693 1227 ambigentes,
718 1156 867 1227 impellere
890 1155 997 1226 paullo·

122 1255 175 1310 tim
197 1251 349 1310 nocturnis
370 1253 541 1327 conloquiis,
555 1259 605 1310 sut
620 1253 698 1310 flexo
718 1254 748 1310 iu
766 1271 917 1326 vesperum
938 1251 997 1320 die,

121 1360 161 1422 et,
174 1351 298 1425 dilapsis
321 1335 498 1415 melioribus,
513 1351 700 1410 deterrimum
721 1371 862 1426 quemque
875 1371 996 1424 congre·

119 1469 197 1528 gare.
242 1451 405 1516 Postremo,
417 1451 557 1524 promptis
576 1450 634 1508 ism
649 1457 680 1507 et
703 1450 767 1508 atita
782 1453 935 1510 seditionis
946 1455 997 1512 mi·

119 1551 231 1617 cistris,
260 1551 345 1606 vetut
379 1550 638 1606 concionabuudos
665 1549 882 1624 interrogabat:
916 1555 1047 1622 ‘Corn

119 1651 243 1724 ‘paucis
256 1646 486 1717 centurionibus,
495 1649 677 1721 paucioribus
688 1649 821 1716 tribunis,
831 1649 863 1708 in
878 1653 997 1710 modum

118 1755 293 1808 ‘serrorum
328 1746 515 1806 obedirent?
549 1753 808 1824 quaudo'susuros
836 1767 996 1823 exposcere

119 1848 283 1916 ‘remedim
298 1848 356 1907 uisi
378 1868 487 1908 novum
509 1856 539 1908 et
554 1855 705 1928 nutantem
724 1849 820 1922 adhuc
835 1850 997 1923 principem

117 1950 277 2022 ‘precihus
305 1953 354 2008 vet
383 1951 471 2034 armis
495 1947 630 2008 adirent?
661 1951 732 2006 sutis
758 1965 810 2022 per
833 1955 875 2006 tot
903 1967 996 2008 annos

115 2048 260 2124 ‘ignavie
287 2057 453 2123 peceatum,
482 2050 559 2124 qood
596 2049 709 2108 tricena
735 2055 786 2106 aut
812 2051 997 2123 quadragena

117 2149 288 2222 ‘stipendia
302 2167 398 2216 senes,
412 2153 442 2206 et
463 2149 592 2223 plerique
614 2152 748 2204 truncato
771 2165 810 2203 ex
827 2150 996 2205 vulneribus

148 2284 271 2373 tortilium
286 2308 327 2350 aut
334 2302 458 2374 goudium]
490 2301 609 2372 iustitium,
619 2302 649 2348 oh
666 2305 770 2371 rupissem,
779 2299 873 2370 Augusti
882 2269 996 2359 indictum,

114 2369 143 2409 et
152 2362 332 2432 pohlreus'dotor
346 2369 370 2408 et
380 2371 487 2432 eessntsq:
503 2362 616 2432 gpudrom,
626 2361 656 2430 oh
668 2365 733 2430 rnrtra
742 2359 835 2428 Tubero.
848 2365 872 2405 et
881 2366 934 2406 trum
944 2375 997 2421 quo·

119 2418 997 2547 rh,ins&turbemer,tetroqueterritaret

119 2543 216 2591 tonate,
228 2541 265 2584 rel
283 2540 372 2586 adiecta
382 2555 429 2586 esse
446 2539 476 2609 ab
494 2539 578 2609 aliquo,
594 2539 640 2598 qui,
652 2538 761 2608 iustitium
778 2538 830 2598 quid
842 2544 907 2594 esset,
918 2553 995 2609 parum

117 2605 182 2666 pecte
193 2605 289 2644 teneret.
322 2600 422 2646 Fuerunt
432 2613 491 2644 enum
499 2599 578 2650 terrae,
588 2596 736 2667 gqodentrbuq
744 2606 805 2642 rosta
813 2602 838 2642 et
845 2598 996 2667 maerentibus

116 2657 220 2702 rudirtae
239 2673 268 2704 ex
286 2673 357 2714 more,
377 2659 433 2704 sicut
453 2658 519 2702 bodie
537 2656 619 2716 pubhur
640 2657 710 2701 tuctus
729 2670 751 2700 ιιι
771 2661 844 2700 morte
862 2657 994 2718 principum.

118 2717 225 2762 Secutum
237 2732 287 2762 mox
298 2723 337 2762 eut
345 2717 485 2764 coniunctam
494 2730 543 2762 cum
554 2713 639 2760 iustitio
647 2714 713 2760 tuisse
733 2713 843 2773 publicam
861 2717 994 2773 gratulatio·

63 2795 71 2812 ·
119 2789 170 2821 nem
189 2789 229 2821 reu
249 2775 368 2832 laetitiam,
380 2790 485 2836 nusquam
501 2775 567 2832 tego;
583 2781 606 2818 et
625 2774 724 2832 ineptum
736 2773 825 2818 videtur
839 2774 952 2832 goudium
968 2775 997 2820 de

119 2835 229 2894 praesidis
248 2836 329 2881 affeetu
349 2835 445 2894 privato.
487 2833 580 2880 Vrsinus
595 2831 692 2878 malebat
714 2832 740 2877 oh
760 2831 892 2878 moestitiam
911 2838 952 2880 out
968 2848 992 2891 g.

120 2895 199 2998 gilliam
212 2894 323 2954 ineptius.
356 2893 466 2940 Dicamus
481 2893 542 2954 quod
557 2891 650 2940 sentioi'
667 2891 731 2936 Mihi
748 2891 791 2938 hoc
810 2897 882 2938 totum
901 2892 996 2950 glossam

145 2959 176 3000 et

150 3033 211 3079 Duc
226 3031 282 3077 olim
291 3046 444 3088 -0perurom
487 3031 512 3078 Iu
522 3031 620 3084 theatro,
628 3027 684 3077 sieut
700 3029 721 3075 in
732 3028 805 3085 Circo,
821 3025 875 3074 niae
884 3033 959 3088 partes
974 3033 998 3075 et

119 3092 242 3138 tortiones:
268 3091 375 3137 distracto
394 3091 592 3136 videisettsrore
608 3089 681 3148 ptehis
704 3089 726 3132 in
744 3090 801 3132 hune
818 3087 956 3138 histrionem,
975 3088 998 3132 iu

120 3151 191 3197 illum.
226 3151 276 3196 Eae
286 3165 330 3198 non
340 3163 392 3195 raro
401 3149 424 3194 in
435 3149 555 3194 tumultum
565 3148 664 3198 exibant,
675 3148 720 3190 imo
726 3160 830 3205 pregnans,
842 3145 888 3188 imo
898 3145 997 3210 eeqdern.

120 3210 172 3258 ltux
181 3210 218 3256 his
227 3209 360 3255 factionibus
370 3215 393 3253 et
404 3207 502 3264 signiter,
512 3206 637 3251 levissimus
647 3204 740 3263 quinque
756 3217 769 3246 e
784 3203 861 3262 plebe:
879 3215 915 3242 esur
925 3201 1000 3252 lingua

120 3283 244 3376 &aurisque
252 3269 293 3373 ἐξ
311 3267 403 3372 ἰιιὶιιιίιιῑΙ
415 3273 442 3368 ξι
459 3265 751 3368 ξοηιιιιιιεὲἓίοξὲοριιηὲιθια
782 3260 819 3306 Ab
837 3271 882 3302 uno
899 3253 1004 3310 exemplo

145 3343 239 3374 suerent
287 3341 387 3386 sm,apu
416 3338 546 3370 ,oeomum
675 3354 679 3364 .
722 3351 727 3363 .

147 3407 292 3456 Histrionnli
312 3405 395 3464 studio]
430 3405 453 3450 tri
472 3409 515 3457 est,
543 3399 626 3450 studio,
649 3395 708 3455 quod
727 3393 805 3438 solitus
822 3390 873 3432 erat
890 3363 1006 3440 praestare

120 3467 271 3516 histrionibus
280 3467 304 3512 in
318 3461 474 3525 comparandis
483 3457 616 3506 lectionibus
627 3455 762 3514 pisaeorum.
794 3445 866 3489 Gron-
935 3526 939 3531 q
