2166 3834
91 212 157 284 138
342 205 344 212 Χ
412 237 596 288 annamvu
811 243 843 290 a.
859 239 889 290 v.
905 247 955 292 rra.
1071 215 1072 240 ¹

84 389 243 456 ‘meretun
265 389 380 463 quando
408 389 451 450 Μ.
473 391 608 460 Antonii,
636 391 686 465 qui
714 393 826 452 ballum
847 395 959 482 patriae

85 486 229 555 ‘fecissen
250 489 307 546 luli
335 489 470 558 Antonii,
488 491 537 564 qui
558 491 676 548 domum
699 493 829 566 Augusti
852 495 957 552 violas-
1071 531 1072 552 r

84 590 164 652 ‘set,
185 586 354 646 manerent!
374 595 404 646 et
420 589 463 646 Μ.
484 589 622 648 Pisonem
635 590 815 664 ignominiae
839 595 960 662 exemit,

84 687 285 761 concessitque
299 687 328 744 ei
344 693 464 760 paterne
477 676 573 756 bonas
595 689 666 746 antis
687 689 793 756 firmus,
815 696 846 748 ut
867 709 955 765 saepe
1071 671 1072 740 l

27 860 37 870 ..
83 786 254 852 memoravi,
268 787 422 844 adversum
436 787 601 860 pecuniam,
621 794 653 844 et
677 794 737 846 turn
751 790 860 862 pudore
874 794 957 850 abso·
1071 791 1072 800 ’

26 873 61 975 ἰι
84 887 163 942 lutae
175 884 335 944 Plancinae
356 885 535 958 placabilior.
578 887 676 956 Atque
689 885 776 952 idem,
798 905 868 944 oum
896 889 956 946 Va·

56 978 170 1042 lleriua
196 983 391 1051 Messaltinus,
409 981 525 1058 signorm
550 999 667 1050 aarum
695 983 727 1042 in
752 983 819 1042 crde
844 984 955 1044 Martio

86 1080 205 1151 Vltoris,
226 1082 357 1142 Caecina
378 1083 514 1148 Severus,
534 1098 617 1140 wem
640 1081 742 1140 ultioni
766 1082 955 1154 almendram,
1071 1117 1072 1122 κ

84 1182 275 1250 censuissent,
309 1181 471 1256 prohibuit:
505 1183 562 1238 ‘ob
588 1186 725 1240 externas
752 1199 789 1240 ea
813 1182 954 1242 victorias

85 1279 230 1348 ‘sacrari’
239 1280 378 1338 dictitans
391 1299 400 1350 ς
413 1279 592 1336 ‘domestico
602 1283 682 1360 'mala
695 1280 954 1352 tristitieoperien·

85 1377 158 1436 ‘dn’
201 1380 361 1436 Addiderat
395 1379 591 1448 Messallinus,
621 1379 768 1436 ‘Tiberio
787 1388 819 1436 et
840 1381 955 1454 Augus·-

86 1483 156 1548 ‘tae
175 1482 206 1534 et
229 1477 376 1546 Antoniae
395 1485 425 1534 et
448 1477 628 1551 Agrippinae
653 1479 805 1552 Drusoque
829 1481 869 1534 ob
893 1479 955 1538 vina
1071 1515 1072 1558 l

85 1576 216 1634 ‘dictam
249 1575 418 1632 Germanici
451 1582 558 1650 grates.
580 1574 726 1650 agendas?
758 1575 981 1657 omiseratque,

86 1675 203 1734 Claudii
229 1674 416 1746 mentionem.
470 1675 509 1732 Et
537 1675 755 1732 Messallinum·
770 1675 886 1750 quidem
916 1679 952 1736 L.

86 1776 245 1847 Asprenas,
267 1775 377 1832 Senatu
395 1790 502 1838 coram,
524 1779 727 1848 percunctatus
751 1779 806 1842 est,
826 1791 873 1830 an.
883 1793 954 1851 pru·
1071 1813 1072 1844 ,

86 1871 152 1930 dene
171 1869 376 1948 protensae?
402 1889 438 1930 ao
465 1877 526 1930 turn
552 1873 669 1930 demum
697 1889 804 1930 nornen
833 1873 953 1932 opaudii
1071 1853 1072 1876 r

86 1972 261 2045 adscriptum
275 1978 328 2030 est.
369 1971 456 2032 Mihi,
486 1977 595 2046 quanto
615 1973 696 2044 plura
716 1971 877 2028 recentium
902 1990 956 2030 seu
1071 1957 1072 2014 ἶ

53 2066 217 2137 ἷνείοῐιιιη
232 2073 363 2138 revolvo,
383 2075 465 2128 tanto
485 2070 576 2144 magis
596 2069 720 2151 ludibria
742 2087 834 2128 rerum
849 2079 955 2130 morla-

85 2170 156 2228 lium
183 2172 297 2228 cunctis
323 2169 355 2228 in
375 2168 500 2244 negotiis
519 2145 720 2226 obversantur
739 2171 845 2244 quippe
867 2171 954 2238 loma,
1071 2181 1072 2212 2

45 2270 67 2342 ,¹4
86 2288 147 2344 spe,
170 2270 367 2335 veneratione,
389 2268 484 2342 potius
504 2286 605 2326 omnes
626 2269 873 2326 destinabantur
865 2286 954 2341 rmpe·
1071 2311 1072 2346 ,

61 2365 138 2434 trio,
158 2387 252 2444 quarn,
272 2385 357 2444 quern
388 2367 511 2424 lutururn
526 2366 693 2438 Principem
716 2367 860 2424 tortunn’
851 2383 954 2424 rouo-

37 2457 50 2514 l
87 2471 166 2524 culto
187 2469 315 2525 tenebat.
357 2465 463 2523 Paucis
490 2471 555 2538 post
581 2465 682 2522 diebus
713 2468 822 2521 Caesar
851 2472 956 2522 auctor
1071 2467 1072 2476 ’

89 2567 210 2624 Senatui
229 2567 291 2632 luit,
307 2563 421 2622 Vitellio
444 2570 525 2640 utque
551 2559 714 2620 Veranioer
732 2563 954 2620 &renoscere-
1071 2569 1072 2616 ἶ

84 2663 163 2731 datin
174 2661 319 2722 tribuendi.
361 2664 498 2722 Fulcinio
510 2659 682 2740 suffragium
695 2660 735 2718 nd
753 2659 871 2718 beneven
893 2664 954 2734 pol·

86 2763 192 2829 licitus,
213 2762 379 2828 mannitur
396 2760 567 2840 sonandum
592 2759 722 2818 nolendo
744 2760 952 2837 praeopitaret.

86 2863 118 2920 Is
131 2861 196 2918 finis
219 2861 273 2919 luit
294 2860 459 2944 ulciscenda
479 2860 650 2918 Germanici
664 2867 764 2930 morte,
784 2876 843 2916 non
865 2861 956 2916 modo
1071 2879 1072 2884 ¹

86 2962 161 3035 apud
181 2960 246 3017 illos
260 2960 401 3027 homines,
421 2959 470 3033 qui
490 2967 550 3017 tum
578 2961 712 3032 agebant,
732 2957 821 3014 etiam
841 2958 954 3015 secutis
1071 2997 1072 3002 κ

86 3060 261 3133 temporibus
291 3059 373 3114 vario
412 3075 523 3114 rumore
557 3057 674 3114 iactata.
709 3058 783 3114 adeo
821 3057 954 3113 maxima

79 3175 215 3231 quaeque
236 3155 457 3227 ambiguarum,
477 3155 545 3210 dum
571 3155 622 3210 alii
637 3172 750 3229 quoquo
771 3156 857 3210 modo
871 3155 955 3211 autli-

21 3262 47 3315 -‘l
87 3259 118 3320 ta
142 3272 192 3327 pro
218 3251 373 3324 compertis
400 3251 529 3321 habent;
549 3251 601 3307 alii
622 3270 690 3309 vera
717 3253 748 3310 in
773 3253 954 3311 contrarium

41 3318 48 3394 i
88 3357 214 3412 vertunt.
235 3355 264 3406 et
284 3347 382 3425 gliscit
409 3351 558 3420 utrumque
585 3349 762 3421 posteritate.
804 3352 847 3407 At
877 3352 954 3408 Dru·
1071 3371 1072 3378 ¹

56 3442 63 3496 l
88 3463 145 3516 aaa,
171 3451 239 3510 urbe
253 3459 384 3525 egressus
410 3445 575 3522 repetendis
600 3447 749 3522 auspiciis,
767 3465 836 3508 mcx
857 3465 957 3508 ovans
