2186 3850
105 170 181 242 300
418 193 602 244 urrunnu
824 197 853 244 u.
868 195 897 244 v.
913 199 964 246 eor.

104 353 197 428 pudor
228 347 416 423 impediebat.
457 348 620 406 Continuus
659 346 770 407 dehinc
808 349 966 407 cohortium

104 453 225 517 clamor,
244 445 359 505 nentina
377 463 487 505 reorum
500 453 526 504 et
534 447 855 523 poenosflagitnntium:
874 450 967 505 admo·

106 555 209 624 tueque
230 547 319 606 Silius
340 546 486 612 tribunali,
507 563 566 602 non
582 536 797 613 defensionem,
811 564 869 604 non
881 563 970 604 moras

106 647 243 714 tentavit,
276 650 418 719 precatus,
449 650 481 700 ut
512 661 590 702 mors
622 641 833 701 commoretur.
873 648 971 702 eadem

107 746 274 806 constantia
296 751 327 802 et
353 744 490 801 inlustres
520 743 641 820 Equites
673 745 822 800 Romanos
854 745 970 817 cupidos

107 855 236 904 maturae
256 845 339 902 neeis
367 843 446 900 lecit.
464 847 468 851 “
488 843 603 899 'litium
627 842 792 908 Proculum,
823 845 971 900 custodem

107 961 126 1003 a
151 945 226 1004 Silio
255 943 443 1001 Messallinae
463 942 572 1007 (latum,
592 949 620 998 et
641 941 783 998 indicium
803 943 972 1005 offerentem

107 1043 249 1101 Vectium
282 1042 441 1098 Valentem
474 1046 505 1096 et
539 1039 711 1106 contessum,
740 1046 770 1097 et
802 1040 972 1114 Pompeium

76 1151 80 1160 ’
106 1142 260 1209 Vrbicum,
279 1157 315 1198 ac
337 1139 495 1197 Saufellum
526 1139 657 1212 'l'rogum
677 1157 716 1195 ex
746 1140 875 1196 consciis
899 1136 972 1197 nali

106 1239 148 1298 nd
171 1237 336 1318 supplicium
356 1239 443 1295 iubet.
487 1238 596 1295 Decius
616 1256 727 1313 qunque
748 1239 970 1311 Calpurnianus.

107 1339 229 1414 vigilum
261 1339 438 1404 Praefectus,
464 1336 610 1410 Sulpicius
632 1336 732 1402 Rufus,
754 1338 813 1394 ludi
837 1339 971 1396 Procura-

106 1443 160 1506 tor,
195 1439 301 1495 luncus
335 1435 524 1510 virgilianus,
566 1437 698 1502 Senator,
732 1437 837 1492 cadem
879 1453 970 1510 poena

53 1541 94 1600 36
107 1535 223 1594 adlecti.
265 1535 351 1592 Solus
372 1535 504 1592 Mnester
531 1535 747 1592 cunctationem
768 1535 884 1600 adtulit,
904 1537 970 1593 dila·

106 1635 186 1693 niats
207 1638 300 1701 veste,
320 1634 484 1701 clamitans,
505 1633 690 1706 ‘adspiceret
705 1636 859 1692 verberum
881 1641 969 1704 notes,

106 1733 359 1791 ‘re-iniecerelur
382 1734 475 1801 vocis,
494 1750 550 1806 qua
571 1750 603 1788 se
617 1732 775 1794 obnoxium
790 1733 876 1790 iussis
899 1735 973 1790 Mes-

105 1832 246 1891 ‘sallinae
256 1832 393 1890 dedisset.
419 1843 422 1850 '
437 1831 514 1889 Aliis
527 1830 687 1904 largitione,
695 1840 744 1888 aut
758 1833 821 1906 spei
833 1833 971 1906 magnitu·

105 1931 268 2000 ‘dine‚sibi
283 1949 320 1988 ex
342 1931 516 1988 necessitate
530 1933 662 2004 culpam:
685 1949 740 1989 nec
754 1933 890 2006 cuiqnam
905 1938 970 1990 unte

106 2033 303 2106 ‘pereundum
316 2031 410 2098 luisse,
424 2030 449 2086 si
472 2029 561 2086 Silius
581 2047 673 2088 rerum
689 2028 846 2103 potiretur?
887 2032 973 2090 Com·

106 2139 214 2190 motum
236 2133 290 2195 his,
303 2136 333 2188 et
355 2145 474 2202 pronum
498 2131 534 2186 ad
559 2128 785 2186 misericordiam
813 2129 972 2188 Gaesarem

105 2232 255 2302 perpulere
270 2228 374 2293 liberti,
388 2235 455 2296 ‘ne,
470 2233 512 2284 tot
526 2227 693 2284 inlustribus
708 2227 778 2284 viris
799 2228 973 2313 interiectis,

105 2328 257 2386 ‘histrioni
271 2329 485 2386 consuleretur:
501 2332 603 2398 sponte
614 2345 652 2384 err
663 2333 781 2385 coactus
794 2335 855 2385 tarn
865 2345 971 2402 magua
1061 2339 1062 2404 l

104 2423 534 2500 ‘peccaviseeunihilrelerrcss
573 2426 620 2482 Ne
637 2425 740 2482 Trauli
753 2427 871 2501 quidem
884 2428 969 2485 Mon·
1061 2437 1062 2448 ¹

104 2526 175 2594 tani,
186 2526 299 2600 Equitio
320 2525 454 2592 Romani,
462 2523 592 2582 cetensio
602 2532 718 2598 recepta
732 2533 786 2582 est.
800 2526 826 2583 is
838 2529 970 2584 modesta
1061 2527 1062 2538 ¹

103 2624 234 2689 inventa,
248 2626 298 2682 sed
313 2641 432 2697 corpore
446 2623 563 2698 insigni,
577 2624 687 2681 accitus
698 2627 780 2690 ultro,
795 2633 971 2702 noctemque
1061 2653 1062 2666 ÷

103 2721 179 2779 intra
193 2740 279 2780 unam
294 2741 311 2780 a
328 2722 497 2780 Messallina
512 2726 690 2796 proturbatus
714 2729 777 2781 erat
792 2726 910 2797 paribus
932 2729 971 2784 la·

102 2821 204 2878 sciviis
224 2823 260 2877 ad
280 2822 448 2894 cupidinem
462 2829 489 2878 et
510 2821 632 2878 fastidia.
675 2823 768 2880 Suilio
789 2823 972 2892 Caesonino,

103 2927 132 2976 et
155 2919 270 2976 Plautio
300 2919 447 2977 Laterano
468 2939 543 2978 mora
566 2922 733 2980 remittitur:
764 2923 842 2989 huic,
862 2926 903 2978 ob
924 2941 972 2996 pa·

104 3017 160 3074 trui
180 3016 326 3090 egregium
347 3017 501 3076 meritum:
522 3020 702 3079 Caesoninus
717 3020 798 3078 vitiis
820 3027 970 3092 protectus
1061 3009 1062 3064 ἶ

102 3121 157 3182 est,
178 3121 331 3186 tamquam,
353 3114 382 3170 in
404 3115 456 3170 illo
478 3115 645 3174 foedissimo
668 3125 880 3192 communesne
909 3137 968 3176 mu·

47 3205 213 3268 3lliebria.
255 3213 374 3267 interim
397 3212 567 3270 Messallina
594 3217 775 3274 Lucullianis
810 3218 841 3274 iu
875 3218 969 3276 hortis

100 3312 242 3378 prolatare
258 3308 357 3372 uitam,
377 3325 551 3380 componere
567 3331 682 3384 precem
705 3317 845 3372 nonnulle
862 3334 926 3388 spe,
940 3321 971 3372 et

97 3403 254 3477 aliquando
281 3405 340 3462 ira:
362 3411 453 3474 tanta,
477 3405 555 3464 inter
581 3417 722 3482 extreme,
742 3415 882 3488 superbia
900 3432 967 3489 age·
