2134 3826
108 203 184 254 a-c.
203 207 241 252 rr.
375 201 445 253 ma.
472 204 495 254 r.
546 203 624 254 cnr.
649 181 757 252 9.10.
935 183 981 252 ld

103 357 271 432 ‘legionen
291 357 470 432 provinciae,
488 361 608 428 ctaaaea,
636 363 744 418 concta
768 357 892 418 interae
914 373 983 418 con·

105 446 228 515 ‘nexar
248 459 296 516 iun
315 460 393 532 apud
413 459 506 528 niver,
526 458 697 518 modestiam
717 459 793 532 apud
808 457 921 516 accim:
939 475 984 516 ur·

105 557 194 614 ‘bem
214 557 311 632 ipram
340 558 496 633 magnifico
521 564 642 616 ornatu:
663 572 758 633 pauca
777 557 932 616 admodum
952 555 984 613 vi

106 661 115 688 ‘
129 661 265 724 tractate,
277 673 336 732 quo
348 657 455 715 ceteria
466 657 547 732 quiea
561 654 658 716 eaaet’
698 657 862 716 Dicebatur
874 652 974 714 contra
1018 665 1037 721 o

107 754 270 828 ‘pietatem
284 773 354 831 erga
370 763 520 830 parentem
534 762 565 814 et
579 762 709 830 tempora
723 756 765 814 rei
788 755 923 832 publicae
937 755 986 812 ob-

108 855 222 912 ‘tentui
235 861 369 929 compta:
384 861 513 914 ceterum
527 856 664 930 cupidine
675 855 845 914 dominandi
854 853 986 912 connitor

78 943 85 968 ⁸
109 957 178 1027 ‘per
191 954 380 1029 largitionem
408 961 572 1024 veteranos,
592 959 722 1028 paratum
743 956 780 1012 ab
800 955 987 1012 adoleacente

109 1057 116 1084 ¹
129 1053 246 1126 privato
256 1055 429 1122 exercitum,
439 1061 588 1129 corruptas
599 1053 736 1112 Oonautia
749 1053 890 1128 legionen,
901 1053 986 1112 aimu-

108 1145 218 1212 ‘tatnm
240 1153 485 1227 Pompeianarum
499 1155 623 1230 gratiam
638 1155 779 1230 partium:
795 1171 862 1212 mox
878 1153 927 1212 ubi
939 1155 987 1210 de·

109 1259 117 1286 ⁸
128 1258 211 1310 creto
226 1253 348 1310 Patrum
361 1253 455 1312 fascea
468 1259 499 1312 et
508 1254 553 1312 iua
570 1253 714 1312 Praetoria
727 1253 879 1320 invaserit,
889 1253 986 1312 caeeis

108 1352 229 1410 ‘Hirtio
243 1357 274 1409 et
289 1353 398 1424 Pansa,
411 1350 491 1427 (aive
504 1354 596 1412 hortia
609 1353 685 1422 ilion
697 1371 748 1412 reu
758 1353 883 1412 Pansam
899 1371 988 1412 rene·

108 1457 196 1510 ‘num
210 1454 327 1510 vulneri
340 1453 483 1518 adinaum,
497 1453 542 1512 rui
556 1453 664 1512 mititea
679 1453 816 1522 Hirtium,
836 1459 866 1510 et
881 1452 988 1511 maehi-

106 1552 283 1612 ‘natordoti
294 1549 616 1631 caesareanorum)
631 1552 776 1628 utriusque
789 1553 889 1628 capiar
902 1567 989 1610 cocu·

107 1652 257 1726 ‘punicae
279 1657 425 1710 extortum
451 1651 548 1710 inrito
563 1653 673 1710 Senatu
687 1654 878 1720 consulatum,
898 1669 990 1710 arma·

107 1755 197 1826 ‘qna
218 1767 294 1826 quaa
307 1750 340 1808 in
355 1751 519 1808 Antonium
540 1750 697 1824 acceperit,
716 1757 819 1810 contra
838 1767 899 1808 rem
921 1751 990 1826 pub·

110 1849 220 1908 ‘ticam
234 1866 338 1906 verant
353 1850 594 1924 proscriptionem
604 1849 724 1918 civium,
733 1850 895 1910 divinionea
909 1867 990 1926 agro·

111 1966 203 2016 rrum,
224 1967 264 2006 ne
285 1947 357 2021 ipsis
372 1949 498 2024 quidem,
518 1949 568 2024 qui
588 1967 705 2024 cepere,
725 1951 866 2029 laudatae.
909 1951 989 2008 Sane

111 2047 228 2106 ‘ceseii
242 2053 274 2104 et
289 2049 444 2105 Brutorum
465 2049 562 2106 exitus
577 2049 704 2122 paternis
718 2047 882 2106 inimicitiis
896 2049 990 2116 dator,

111 2143 322 2222 ‘(quamqunm
336 2147 380 2204 tar
393 2147 440 2214 ait,
455 2147 570 2220 privata
590 2147 657 2204 odia
672 2147 796 2222 publicis
812 2147 990 2206 ,utititatibua

110 2250 118 2277 ‘
132 2246 281 2304 remittere
290 2243 315 2320 3)
328 2247 380 2318 aed
394 2245 565 2320 Pompeium
579 2245 708 2320 imagine
723 2247 815 2320 pacis,
829 2248 879 2303 aed
902 2247 990 2320 Lepi·

112 2345 198 2402 ‘dum
212 2343 315 2418 specie
325 2344 474 2404 amicitiae
488 2346 645 2418 deceptor:
659 2349 734 2420 post,
749 2344 914 2404 Antonium
930 2347 991 2404 To·

15 2437 17 2442 ’
113 2445 250 2504 ‘reatino
263 2443 497 2518 Brundisinoque
511 2445 627 2502 foedere
642 2451 672 2502 et
691 2444 800 2518 nuptiia
821 2445 925 2503 sororis
948 2445 991 2506 iu·

114 2546 252 2611 ‘lectum
262 2544 401 2600 subdolae
415 2543 575 2602 adfinitatis
590 2562 697 2618 poenae
710 2551 801 2603 morte
816 2545 987 2606 exrotvirrc

114 2643 244 2702 ‘Pacem
257 2641 323 2700 aine
336 2639 425 2700 dubio
439 2644 588 2716 posthaec,
603 2659 703 2700 verum
718 2650 883 2702 cruentam:
900 2647 990 2706 Lotii·

113 2751 214 2811 ‘anaa‚
236 2741 439 2817 Varianasque
460 2743 579 2824 cloden
598 2743 767 2801 interiectos
788 2745 900 2802 Romae
914 2745 989 2803 Var-

114 2849 230 2910 ‘ronea,
254 2841 406 2916 Egnatius,
422 2839 520 2900 iulos!
562 2841 627 2901 Nec
642 2841 811 2900 domesticis
826 2843 991 2917 abstineba-

117 2945 169 3000 tur.
210 2943 372 3000 ‘Abducta
393 2936 506 2998 Neroni
531 2957 623 2998 uxor:
644 2947 674 2998 et
694 2941 820 3004 consulti
844 2948 896 3014 per
920 2941 991 3000 iudi·

116 3041 229 3100 ‘brium
243 3039 414 3110 Pontifices,
433 3057 472 3098 an
501 3045 655 3114 concepto,
669 3041 764 3098 needu
775 3039 886 3097 medita
900 3047 990 3114 partu,

158 3215 285 3262 Ectartum
300 3213 372 3260 incito
390 3212 484 3317 Senatu}
515 3211 621 3259 Moretur
640 3211 663 3256 in
681 3209 848 3256 Commentario
861 3207 932 3253 habet
953 3206 991 3252 Se·

119 3275 194 3322 nuni.
226 3274 295 3334 Apud
316 3273 467 3318 Ciceronemi
493 3271 661 3331 praeterendum
672 3273 738 3314 earet.

161 3351 287 3412 Amavit]
320 3351 427 3398 Moretur
442 3348 542 3396 malebat
567 3351 697 3404 coornent:
720 3359 751 3390 aa.
771 3343 823 3410 qnia
843 3337 992 3399 mouseeere.

121 3412 214 3460 ΜΨ·
230 3415 330 3470 imque
342 3410 411 3460 motui
429 3408 516 3454 utitur:
532 3406 612 3466 paullo
629 3408 683 3450 aute
701 3403 816 3470 irruerent.
849 3395 893 3460 Sed
911 3403 948 3434 rae
964 3401 997 3430 rur

121 3475 195 3520 itm
203 3469 434 3532 cluniamperneto,
450 3472 476 3514 ut
485 3470 585 3512 otientur
593 3464 667 3508 lector
675 3459 741 3506 inerte
755 3450 891 3500 obaervabrt.
959 3455 997 3489 ru·
1050 3523 1051 3527 Ἰ
