2164 3846
260 179 266 188 Ι
617 113 619 117 ’
659 111 667 162 t

89 216 164 288 292
414 237 599 286 auusurvru
813 242 844 288 r.
859 239 890 288 v.
907 243 964 290 sor.

90 391 220 452 ‘veteris
247 391 334 466 Reip.
396 392 475 464 Quin
505 393 600 450 adbuc
631 391 787 451 memorari
815 397 968 467 exempla,

91 501 183 566 ‘quae
199 491 300 564 priscis
321 491 447 550 moribus
461 493 498 548 od
519 491 656 550 uirlutem
670 498 699 549 et
714 493 837 568 gloriam
857 493 969 550 Roma·

91 583 149 648 ‘na
172 589 285 648 indoles
313 590 478 664 prodiderit.
535 593 585 650 An
612 609 721 664 parum,
743 593 829 666 quod.
844 593 962 650 Veneti

91 693 141 746 ‘et
163 689 297 746 Insubres
317 689 428 746 curiam
454 689 624 763 inruperint,
652 691 708 748 nisi
727 696 830 750 coetus
858 691 963 749 alieni·

92 805 259 864 ‘genarum
287 791 367 846 velut
395 788 566 865 eaptivitas,
587 785 747 848 inferatur?
774 807 862 865 quem
890 793 968 848 ultra

91 888 254 972 ‘bonorem
287 888 408 944 residuis
436 888 586 957 nobilium,
614 895 664 947 aut
697 891 722 948 si
756 893 821 964 quis
859 909 969 965 pauper

93 993 132 1048 ‘e
156 988 244 1047 Latio
269 989 402 1054 Senator,
427 985 515 1046 tore?
540 991 707 1063 oppleturos
732 991 832 1048 omnia
856 991 967 1048 divites

93 1089 186 1156 ‘illos‚
200 1105 318 1163 quorum
333 1087 382 1144 avi
398 1087 565 1162 proavique,
579 1089 728 1148 hostilium
740 1089 893 1147 nationum
906 1091 967 1148 Du·

91 1195 172 1256 ‘ces‚
195 1186 342 1244 exercitus
366 1193 480 1244 nostros
501 1185 576 1244 terro
600 1188 688 1262 vique
713 1187 899 1258 deciderint3
924 1189 965 1246 D.

94 1287 221 1344 ‘lulium
244 1288 321 1371 apud
346 1285 478 1344 Alesiam
500 1287 677 1374 obsederint.
718 1288 864 1344 Recentia
879 1290 963 1356 haer,

95 1387 181 1462 ⁶·quid
196 1387 221 1444 si
243 1385 382 1444 memoria
399 1404 499 1444 eorum
512 1387 674 1454 moriretur,
700 1387 747 1462 qui
770 1387 917 1460 capitolio
936 1396 966 1446 et

95 1494 162 1544 ‘ars
178 1485 311 1542 Romano
334 1484 467 1543 manibus
489 1487 655 1544 eorumdem
677 1486 834 1559 prostratis.
878 1489 966 1544 Frue-

94 1591 102 1618 ‘
117 1590 214 1642 rentur
232 1599 303 1639 asne
317 1588 463 1644 vocabulo
476 1585 606 1644 civitatis
617 1605 623 1640 :
634 1590 673 1642 'al
692 1585 819 1659 insignia
833 1585 963 1658 Petrum,

43 1685 216 1746 tld‘decora
248 1685 479 1760 Magistratuum,
514 1704 551 1742 ne
573 1683 752 1760 vulgarent)
801 1685 858 1742 llis
881 1692 967 1761 atque

96 1785 202 1843 talibus
222 1786 299 1842 haud
324 1789 468 1858 permotus
495 1784 646 1858 Princeps,
676 1789 707 1841 et
733 1784 834 1840 statim
861 1791 966 1842 contra

95 1885 239 1952 disseruit,
253 1890 293 1950 et,
313 1890 422 1941 vocato
436 1885 556 1950 Senatu,
570 1883 612 1940 ita
632 1900 753 1940 exorsus
765 1889 829 1939 est:
849 1889 857 1915 ‘
874 1881 969 1940 Maio·

96 1992 160 2042 ‘res
189 1985 246 2042 mei
283 1980 414 2060 (quorum
449 1981 664 2057 antiquissimus
690 1982 823 2049 Clausus,
853 1981 967 2055 origine

97 2083 343 2150 ‘Sabiua,simul
364 2081 395 2138 iu
416 2080 568 2158 civitatem
589 2081 761 2158 Romanam,
782 2085 813 2136 et
832 2079 865 2136 io
886 2079 970 2138 lami·

97 2184 174 2242 ‘lias
202 2181 385 2256 patriciorum
407 2180 534 2237 adscitus
562 2176 621 2256 est)
641 2180 799 2244 hortantur,
826 2177 871 2235 uti
895 2179 970 2252 pari·

98 2284 172 2340 ‘bus
191 2280 322 2340 consiliis
357 2281 458 2352 Remp.
487 2296 648 2351 capessam,
682 2276 882 2334 transferendo
903 2278 969 2342 hue,

97 2383 193 2458 ‘quod
215 2397 334 2456 usquam
355 2379 504 2454 egregium
526 2377 621 2434 luerit.
662 2377 767 2450 Neque
787 2375 867 2432 enim
889 2376 970 2450 igno·

99 2487 161 2546 ιτο,
194 2481 284 2538 Iulios
320 2481 408 2546 Alba,
443 2477 643 2536 Coruncanios
677 2474 822 2542 Camerio,
847 2475 970 2532 Porcios

99 2586 107 2612 ‘
124 2581 264 2646 Tusculo,
284 2583 323 2645 et,
344 2595 380 2635 ue
396 2581 496 2634 vetera
516 2580 683 2641 scrutemur,
698 2573 813 2632 Etruria
824 2574 969 2640 Lucania·

100 2685 187 2753 ‘que,
207 2684 236 2734 et
256 2659 347 2736 omni
367 2675 463 2744 ltalia,
484 2675 514 2732 in
550 2676 690 2732 Senatum
724 2672 845 2730 accitos.
888 2674 971 2731 Post-

101 2783 200 2846 ‘remo
220 2776 313 2849 ipsam
334 2777 370 2832 ad
384 2778 479 2849 Alpes
498 2779 667 2848 promotam,
687 2778 718 2829 ut
737 2790 796 2829 uon
811 2774 899 2830 modo
913 2767 972 2830 sin·

101 2875 179 2948 ‘guli
202 2875 321 2942 viritim,
342 2875 393 2932 sed
414 2882 516 2940 terrae,
530 2879 642 2947 gentes,
662 2871 693 2929 in
714 2889 821 2928 nomen
837 2879 970 2929 nostrum

102 2976 329 3033 ‘coalescerent
384 2974 473 3031 Tune
493 2973 585 3030 solida
605 2972 684 3029 domi
705 2970 795 3046 quies,
817 2976 847 3027 et
868 2973 971 3028 adver·

129 3149 165 3194 Ito
175 3161 264 3193 exorsus
274 3147 313 3206 erl]
344 3147 409 3196 (lirae
418 3145 493 3190 oratio
503 3145 618 3206 Principis,
633 3145 754 3192 memoriae
768 3159 854 3209 musra,
867 3145 973 3203 Lugduni

100 3207 186 3259 habita,
197 3205 341 3250 celeberrima
351 3204 405 3248 urbe
414 3203 547 3258 Galliarum,
558 3212 581 3250 et
599 3205 621 3250 io
631 3219 669 3250 aes
685 3205 760 3250 i'ucisss
793 3204 884 3250 Tabula
895 3213 972 3252 menet

99 3265 148 3310 illie
158 3265 225 3310 etium
236 3277 307 3318 nunc;
323 3269 345 3306 et
355 3261 444 3318 dignum
461 3263 520 3306 lectu
531 3265 644 3322 erernplar
654 3264 708 3316 eius,
721 3263 788 3324 quod,
797 3277 825 3308 ex
839 3263 881 3308 scri
898 3271 971 3314 torum

99 3323 149 3372 fids.
161 3336 201 3381 pro
232 3321 264 3365 sui
275 3322 296 3364 in
308 3319 361 3364 Ere.
376 3321 402 3363 Α.
413 3333 441 3362 eo
452 3320 527 3375 magis.
538 3322 597 3380 quod
607 3323 677 3366 mulla
689 3322 711 3366 in
721 3335 749 3366 eo
757 3323 784 3367 ad
796 3321 875 3366 'raeiri
883 3278 971 3368 iucem.

99 3378 161 3432 Iripr.
231 3393 259 3424 or
275 3379 310 3422 ed.
329 3393 362 3436 pr.
384 3377 503 3442 Cluudius.
521 3378 608 3422 Puteol.
625 3381 724 3425 cuorus
740 3395 789 3425 oum
848 3395 871 3440 q.
911 3381 971 3427 Em.

99 3435 125 3478 in
134 3451 215 3493 nupera
227 3450 313 3496 quoque
324 3435 382 3479 urbis
393 3435 506 3478 obsidione
513 3435 576 3479 salva
593 3451 633 3482 suo
645 3439 696 3484 loeo
704 3394 901 3500 perstidtsiiisola,
913 3441 973 3504 quod

98 3492 131 3534 rei
143 3494 282 3554 antiquariae
290 3493 366 3539 amieis
374 3497 462 3551 gratum
472 3492 519 3538 iore
528 3494 620 3542 confido.
