2164 3846
99 271 176 342 240
427 291 612 341 sunsnnu
827 296 857 344 s.
873 294 905 344 v.
919 299 978 347 res.

103 463 189 524 quam
203 445 328 504 referret.
370 445 525 521 Scipiones
549 448 623 504 baec
646 451 676 503 et
702 445 797 505 Silani
812 453 844 506 et
868 447 980 519 Cassii,

103 546 208 604 iisdem
233 547 322 604 terme
343 549 392 603 aut
431 548 559 619 pratillum
584 547 734 604 inmutatis
762 547 870 615 verbis,
896 551 983 606 adse·

104 645 264 703 secatione·
277 648 366 703 multa
385 647 562 702 censebant:
582 663 652 722 oum.
674 653 795 719 repente
821 647 979 722 Togonius

105 744 219 813 Gallus,
242 746 310 802 dum
332 743 547 818 ignobilitatem
569 763 649 802 suam
675 745 789 820 maguis
804 745 979 804 nominibus

103 843 215 911 inserit,
239 861 289 917 per
313 844 504 901 deridiculum
528 845 650 902 auditur.
691 846 771 902 Nam
805 844 979 916 Principem

104 945 214 1006 orabat,
239 943 385 1018 ‘deligere
414 945 579 1008 Senatores,
604 963 641 1000 err
666 944 729 1018 quis
752 943 869 1018 viginti,
896 949 978 1000 sorte
1080 989 1081 1014 ,

105 1047 114 1074 ‘
128 1043 209 1099 ducti
221 1047 252 1100 et
265 1042 340 1100 terro
354 1043 491 1107 uncinoli,
505 1044 638 1117 quotiens
652 1044 762 1099 curiam
777 1043 890 1108 inisset,
900 1044 979 1100 salu-

105 1147 113 1174 ¹
129 1147 188 1198 tem
203 1143 265 1198 eius
280 1140 489 1199 defenderent!
497 1143 658 1199 crediderat
674 1141 809 1199 nimirum
822 1141 978 1214 epistolae,
1080 1219 1081 1222 Ἴ

106 1242 257 1298 ‘subsidio
283 1241 340 1298 sibi
373 1244 494 1298 alterum
521 1259 559 1298 ex
595 1230 781 1300 Consulibus*
816 1240 977 1314 poscentis,
1080 1225 1081 1232 ἵ

106 1347 160 1398 ‘nt
175 1348 250 1398 tulus
264 1359 280 1396 a
296 1341 417 1414 Capreis
431 1343 530 1398 urbem
544 1339 674 1414 peteret.’
715 1341 855 1398 Tiberius
865 1347 979 1408 tamen,
1080 1367 1081 1426 ι

104 1440 228 1498 ludibria
243 1440 326 1496 seriis
342 1442 517 1510 permiscere
531 1439 645 1504 solitus,
660 1439 720 1514 egit
734 1446 831 1514 grates
848 1441 977 1497 benevo·
1080 1433 1081 1454 ¹

106 1539 216 1597 lectiae
231 1539 367 1595 Patrumz
388 1540 459 1595 ‘sed
484 1557 554 1613 quos
568 1539 664 1596 omitti
687 1537 792 1613 posse?
813 1557 883 1613 quos
901 1539 977 1597 deli·

1 1657 2 1664 *
107 1635 182 1714 ‘git
209 1641 323 1710 semper
355 1655 393 1695 ne
426 1635 570 1696 eosdem?
590 1655 628 1696 an
659 1637 781 1695 subinde
816 1635 913 1694 alios?
944 1641 977 1695 et

108 1739 284 1796 ‘bonoribus
306 1737 482 1810 pertunctos,
505 1755 542 1794 an
567 1733 711 1794 iuvenes?
732 1737 871 1809 privatos,
896 1753 976 1796 aua
1029 1811 1041 1839 Ι

108 1837 345 1911 ‘magistratibus
360 1834 372 1894 t
392 1854 477 1911 quam
504 1837 611 1894 deinde
636 1836 764 1910 speciem
778 1837 848 1903 lore,
862 1853 977 1894 sumen·

108 1936 202 1993 ‘tium
223 1936 255 1993 in
280 1936 381 1994 limine
403 1935 500 1993 curiae
525 1933 664 2009 gladios?
687 1953 780 2009 neque
803 1935 859 1992 sibi
881 1935 978 1994 vitam

108 2035 217 2102 ‘lunti,
231 2035 256 2092 si
270 2035 357 2092 armis
372 2036 496 2109 tegenda
520 2032 614 2092 toret?
654 2036 737 2093 llaec
762 2037 902 2092 adversus
917 2035 981 2092 To·
1080 2065 1081 2074 ι

93 2135 236 2211 gonium,
258 2133 355 2191 verbis
378 2135 548 2190 moderans:
579 2150 674 2209 neque
696 2133 978 2192 ultraabolitionem

78 2236 271 2302 3senlentiae
286 2233 416 2291 suadere.
459 2235 500 2290 At
516 2232 629 2290 lunium
645 2233 823 2300 Gallionem,
836 2233 887 2307 qui
909 2251 980 2290 cen·

109 2341 239 2400 ιιιειιι,ι
252 2339 282 2392 ut
294 2332 482 2402 Praetoriani,
494 2332 762 2406 actisstipendiis,
754 2351 798 2389 rus
812 2332 980 2406 apiscereu·
1080 2321 1081 2400 ,

109 2435 211 2492 ‘tur'
204 2453 234 2492 ru
258 2431 473 2508 quatuordecim
495 2433 642 2490 ordinibus
667 2429 807 2498 sedendi:
831 2430 979 2490 violenter

108 2532 271 2606 increpuit·
306 2533 386 2588 velut
419 2547 516 2588 coram
550 2532 685 2604 rogitans,
713 2531 800 2608 {quid
834 2529 881 2588 illi
908 2548 978 2590 cum
1080 2533 1081 2556 ²

109 2627 299 2690 ‘militibusi
325 2647 398 2704 quos
426 2647 529 2703 neque
547 2630 626 2686 dicta
638 2631 849 2704 imperatoris,
884 2649 979 2706 neque
1080 2609 1081 2670 f

109 2730 259 2806 ‘praemia
287 2729 343 2786 nisi
371 2731 407 2784 ab
435 2729 612 2800 Imperatore
646 2729 780 2802 accipere
807 2745 860 2801 par
887 2734 977 2786 esset.
1080 2753 1081 2818 ι

107 2827 272 2902 ‘reperisse
286 2845 408 2900 prorsus,
422 2828 497 2901 quod
512 2829 551 2884 D.
569 2830 715 2900 Augustus
730 2845 787 2885 non
805 2827 978 2900 providerit.

109 2933 169 2984 ‘an
183 2924 277 2998 potius
291 2925 464 2982 discordiam
475 2933 504 2982 et
518 2921 692 2984 seditionem
703 2927 856 2983 asntellite
872 2925 977 2984 Seiani
1080 2941 1081 2956 ¹

109 3019 313 3100 ‘quaesitaml
333 3041 388 3096 qua
410 3025 495 3080 rudes
518 3025 632 3082 animos
656 3026 773 3082 nomine
800 3025 917 3082 honoris
937 3027 976 3084 ad

109 3124 369 3193 ‘corrumpendum
391 3121 513 3178 militiae
537 3141 646 3181 rnorem
670 3123 864 3197 propelleret!
905 3127 976 3183 Hoc
1080 3195 1081 3202 ἵ

108 3221 231 3297 pretium
259 3219 358 3274 Gallio
385 3218 542 3275 meditatae
571 3222 746 3280 adulationis
775 3223 851 3289 tulit,
875 3225 976 3282 statim
1080 3211 1081 3258 3

108 3319 197 3384 curis,
217 3316 323 3372 deinde
350 3314 436 3370 ltalia
459 3325 615 3380 exactuss·
630 3325 670 3389 et,
697 3321 764 3395 quia
788 3322 977 3382 incusabatur
1080 3305 1081 3344 ³

137 3467 337 3527 laudationem]
369 3465 574 3516 Senescendum.
606 3471 641 3522 ct.
654 3477 735 3532 15,73.
