2134 3826
86 201 135 272 26
414 215 600 272 sunsnrvss
758 231 765 244 ⁴
814 226 849 281 n.
861 225 892 274 v.
907 229 970 276 ror:

84 389 138 454 nus
151 375 375 438 effunderentur.
394 394 431 436 sc
445 378 476 436 ni
491 395 621 452 propere,
642 393 739 454 neque
750 395 855 453 cornus
869 382 963 440 ulium

82 478 212 553 reperiri,
225 485 255 536 et
269 495 380 542 servos,
400 477 538 536 adhibitis
552 479 739 548 eruentibus,
752 481 880 538 abnuere
891 495 961 540 oro·

83 579 268 652 domnoque
283 578 327 636 iffi
349 577 437 636 fuisse
461 595 587 652 unquam
606 578 722 638 fratrem
754 579 962 652 pernotuisset,

83 669 161 738 buud
185 681 307 736 muitum
329 680 366 736 ab
389 677 484 736 exitio
505 678 596 753 legari
620 680 751 736 oberunt.
806 678 960 738 Tribunos

83 783 182 838 tomen
205 796 240 836 ou
264 777 440 851 pruefectum
453 785 612 836 castrorum
627 785 798 838 extrusere:
823 780 961 838 rnrcinue

82 878 256 954 fugientium
268 878 416 951 direptae:
430 882 461 936 et
471 879 605 936 centurio
616 879 760 938 Luciliius
775 879 960 950 interficitur,

83 979 141 1047 cni,
156 979 327 1038 militaribus
336 977 461 1046 facetiis,
480 979 655 1038 vocabulum
668 977 742 1036 Cedo
751 978 872 1038 numum
884 981 961 1040 indi·

83 1079 207 1149 demnt;
235 1079 311 1155 quic,
337 1077 429 1136 frunto
454 1077 515 1136 vite
543 1077 576 1136 in
601 1087 683 1154 tergo
704 1079 816 1146 militis,
834 1083 959 1140 niteram

83 1181 164 1238 clnrn
178 1195 253 1237 voce
267 1196 303 1236 sc
323 1196 418 1238 rursus
431 1178 519 1236 ulium
539 1180 685 1251 poscebat
699 1184 813 1238 ceteros
828 1168 960 1238 istebrsn

83 1283 195 1346 texere,
217 1295 275 1336 uno
289 1283 403 1336 retento
424 1278 579 1336 Clemente
605 1277 683 1347 fufio,
705 1278 755 1353 qui
779 1279 959 1352 perferendis

83 1377 208 1436 miiitum
236 1378 381 1436 mundetis
400 1378 559 1436 habebatur
579 1376 710 1444 idoneus,
732 1380 770 1434 ob
794 1387 958 1452 promptum

82 1475 242 1550 ingenium.
285 1476 363 1548 Quin
384 1476 465 1549 ipsse
488 1477 566 1534 infer
588 1494 621 1534 se
644 1477 773 1550 legiones
794 1483 903 1536 octove
926 1483 958 1536 et

82 1575 307 1649 quintadecuma
333 1574 438 1632 ferrum
463 1577 622 1649 parabunt:
648 1577 716 1634 dum
745 1577 957 1645 comunionem,

82 1679 278 1750 cognomento
293 1673 449 1748 Sirpicum,
471 1675 522 1733 iiis
537 1674 622 1734 morti
643 1676 786 1748 deposcit,
806 1676 958 1750 quintade-

81 1774 200 1834 cumani
213 1780 345 1834 tuentur:
366 1774 399 1832 ni
413 1775 497 1833 miles
519 1791 651 1834 nonanus
667 1793 769 1850 precor
791 1783 832 1844 ef,
853 1778 958 1835 edver-

29 1873 145 1934 24rum
166 1875 358 1948 aspernantis,
382 1875 476 1932 minor
501 1875 705 1934 interiecisset.
748 1877 832 1934 Hsec
856 1877 956 1935 cudite

81 1993 253 2052 quamquem
267 1977 428 2034 obstrusum
449 1982 480 2032 et
494 1976 658 2034 tristissimo
671 1994 803 2052 quaeque
826 1977 956 2036 monime

81 2077 280 2134 occultantem
303 2074 457 2132 Tiberium
482 2077 689 2148 percuterent
713 2077 839 2134 Drusum
864 2075 956 2134 fitium

81 2192 149 2234 cum
176 2175 347 2249 primoribus
374 2174 508 2244 ciuitatis
534 2176 701 2250 duobusque
729 2175 880 2248 praetoriis
906 2191 956 2234 co·

81 2274 212 2334 hortibus
227 2274 363 2345 mitteret,
386 2274 475 2332 nuliis
489 2273 560 2330 sotis
583 2275 673 2332 certis
687 2274 848 2345 manuatim
868 2293 908 2332 ex
923 2292 954 2332 re

81 2377 287 2434 consulturum.
315 2380 346 2432 ef
372 2375 509 2432 cobortes
535 2374 652 2432 deiecto
678 2373 772 2432 mifite
799 2391 885 2447 suurn
909 2391 955 2432 so·

81 2475 166 2534 litum
180 2477 321 2534 firmatae.
344 2475 459 2532 cuditur
472 2490 586 2546 magno
601 2491 666 2548 nors
684 2475 862 2548 praetoriuni
876 2474 956 2550 equi·

82 2573 121 2632 tis
134 2578 165 2638 ot
188 2577 290 2631 roboro
311 2573 532 2639 Germanorum,
552 2573 602 2647 qui
625 2578 686 2630 tum
708 2574 843 2632 custodes
864 2574 956 2649 impe-

82 2672 170 2730 rntori
197 2673 339 2744 ederent:
371 2671 456 2730 simui
483 2671 620 2745 praetorii
646 2673 819 2744 praefectus,
849 2673 953 2732 Aelius
1048 2679 1049 2709 ³

84 2771 221 2839 Seianus,
244 2773 359 2846 coffegs
381 2769 528 2838 Straboni,
552 2770 627 2844 putri
647 2788 708 2838 ruo,
727 2772 824 2838 ustus,
846 2789 955 2847 magne

82 2871 159 2945 cnud
174 2869 328 2928 Tiberium
351 2868 533 2937 auctoritate,
546 2876 641 2928 rector
658 2869 770 2938 inveni,
794 2879 825 2928 et
846 2871 954 2930 ceteris

82 2970 275 3045 periculorum
300 2967 546 3043 praemiorumque
568 2975 739 3028 ostentator.
780 2970 878 3028 Druso
891 2989 956 3046 pro·

82 3068 245 3143 pinqunnti,
258 3067 341 3142 queri
364 3085 415 3140 per
428 3068 564 3135 officium,
583 3069 691 3128 obvise
711 3069 790 3127 fuere
812 3071 953 3144 fegionos,
1046 3093 1047 3127 i

81 3185 143 3226 non
171 3169 277 3234 foetur,
299 3172 331 3224 ut
354 3167 476 3234 susotor,
499 3184 594 3243 neque
613 3167 775 3242 insignibus
795 3167 954 3242 fuigenter,

82 3267 134 3323 sed
164 3265 277 3324 inluvie
302 3265 432 3333 deformi,
459 3271 490 3324 et
517 3269 609 3333 vultu,
636 3284 808 3342 quamquam
835 3269 952 3326 maesti·
1045 3271 1046 3337 i

27 3357 69 3418 25
82 3365 153 3422 riom
185 3363 377 3431 imitarentur,
410 3364 612 3422 contumaciae
646 3366 803 3438 propiores.
868 3367 952 3425 Post·

82 3480 168 3528 uuum
196 3464 306 3523 vsffum
334 3462 456 3533 introiit,
484 3467 581 3538 portus
612 3461 785 3524 stationibus
816 3465 952 3528 firment:
