2186 3850
132 209 167 258 a,
185 207 263 257 cm.
337 207 406 254 ura.
431 209 507 258 xnr.
560 209 638 256 cae.
666 187 835 257 52.-5t.
935 187 1007 258 389

132 363 319 436 navigabilia
334 363 410 428 inter
423 382 455 420 se
469 363 633 422 occidentis
647 364 910 439 septentrionisque
922 365 1009 422 litora

135 463 251 522 fierent.
312 463 422 520 lnvidit
451 463 532 537 operi
567 464 670 522 Aelius
695 464 844 532 Gracilis,¹
866 463 1007 538 Belgicae

130 563 277 636 Legatos,
298 563 477 620 deterrendo
491 564 643 628 Veterem,
664 574 723 621 ‘ne
746 564 877 638 legiones
892 563 1006 622 alienae

135 664 144 690 ‘
158 657 328 729 provinciae
340 659 468 725 interret,
482 659 632 732 studiaque
661 659 822 716 Galliarum
836 659 1006 716 adsectaret.

131 756 370 814 ‘formidolosum
391 757 421 813 id
437 758 616 830 imperatori'
642 759 791 827 dictitans,
811 777 869 833 quo
883 761 1006 832 plerum·

130 873 190 930 que
206 856 392 928 probibentur
402 863 523 914 conatus
543 858 668 916 bonesti.
711 859 848 916 Ceterum
865 859 1006 916 continuo
1017 856 1059 915 54

133 956 318 1012 exercituum
332 955 402 1022 otio,
416 955 491 1012 lama
505 956 635 1024 incessit,
655 963 806 1030 ‘ereptum
829 958 874 1014 ius
886 958 1005 1032 Legatis

129 1055 279 1110 ‘ducendi
295 1054 325 1110 in
349 1052 481 1112 bostem!
522 1056 622 1130 quue
638 1056 727 1114 Frisii
754 1057 937 1122 iuventutem
949 1060 1006 1116 sal·

132 1153 211 1210 tibus
224 1158 273 1209 aut
289 1154 449 1225 paludibus,
477 1153 616 1211 inbellem
643 1161 770 1212 aetatem
792 1175 843 1230 per
857 1159 937 1214 lacus
956 1159 1005 1216 ad·

132 1269 253 1309 movere
268 1252 358 1324 ripae,
380 1269 517 1326 agrosque
544 1260 703 1320 vacuos,et
727 1255 853 1314 militum
875 1258 938 1314 usui
961 1275 1004 1316 se·

131 1351 252 1424 positos,
278 1351 421 1421 insedere,
450 1359 569 1409 auctore
594 1353 714 1412 Verrito
729 1360 758 1411 et
774 1355 928 1431 Malorige,
954 1357 1004 1431 qui

127 1450 279 1508 nationem
306 1467 371 1506 eam
396 1453 547 1524 regebant,
562 1451 593 1508 in
621 1458 761 1526 quantum
776 1453 918 1514 Germani
941 1474 1005 1532 reg·

129 1553 247 1607 uantur.
302 1551 422 1625 lamque
449 1531 704 1620 fixerantdomos,
727 1553 840 1612 semina
861 1555 939 1612 arvis
957 1554 1000 1614 ins

133 1651 269 1715 tulerant,
307 1656 395 1724 utque
430 1649 554 1722 patrium
588 1653 682 1708 solum
703 1655 901 1712 exercebant:
931 1671 997 1712 oum

130 1747 247 1806 Dubius
270 1747 394 1813 Avitus,
413 1754 536 1820 accepta
560 1766 578 1806 a
603 1750 740 1808 Paullino
767 1752 929 1824 provincia,
948 1754 1000 1810 mi·

127 1847 254 1907 nitendo
276 1845 356 1903 ‘vim
367 1846 539 1915 Romanam,
554 1847 610 1904 nisi
629 1850 818 1906 abscederent
851 1851 939 1908 Frisii
954 1869 1002 1908 ve·

129 1952 138 1979 ⁶
156 1951 231 2002 teres
245 1945 276 2002 in
291 1947 379 2011 locos,
394 1952 442 2002 aut
455 1963 562 2004 novam
584 1947 714 2004 sedena
732 1947 859 2006 Caesare
878 1949 1003 2022 inpetra-

127 2045 234 2111 ‘reut,’
248 2045 371 2118 perpulit
383 2044 531 2102 Verritum
545 2051 576 2102 et
606 2045 781 2120 Malorigen,
794 2063 895 2120 preces
915 2043 1004 2106 susci-

64 2207 68 2212 ·
130 2163 211 2219 pere.
254 2143 437 2218 Proiectique
453 2145 585 2209 Romam,
596 2145 664 2202 dum
685 2145 751 2202 aliis
764 2146 841 2202 curis
854 2145 1001 2204 intentum

130 2245 287 2302 Neronem
310 2243 505 2316 opperiuntur,
526 2243 662 2310 interea,
678 2261 751 2318 quae
765 2229 1004 2304 barbaris-osten·

131 2341 535 2414 tautur‚intraverePompeii
547 2343 762 2418 theatrum‚quo
771 2343 1002 2418 magnitudinem

127 2429 228 2516 populi
246 2439 389 2498 viserent.
431 2440 509 2507 Illic,
529 2459 580 2514 per
598 2441 689 2498 otium
703 2441 812 2518 (aeque
836 2442 916 2501 enirn
929 2443 1002 2502 ludi·

127 2539 188 2598 oris
203 2539 296 2612 ignari
324 2535 558 2616 oblectabantur)
569 2541 637 2598 dum
666 2547 856 2600 ‘consessum
878 2559 1001 2610 caveae,

127 2637 299 2696 discrimina
323 2637 466 2704 ordinum,
487 2639 550 2712 quis
576 2639 682 2713 Eques,
711 2639 761 2696 ubi
787 2638 923 2698 Senatus'
937 2657 999 2713 per·

128 2743 312 2804 cunctantur,
325 2737 484 2794 advertere
502 2737 640 2811 quosdam
651 2740 731 2796 cultu
745 2744 869 2796 externo
882 2739 912 2798 in
927 2741 1001 2797 aedi·

127 2839 181 2894 bus
219 2836 413 2892 Senatorum:
441 2840 481 2903 et,
509 2836 655 2909 ‘quinam
693 2835 806 2905 loreut,’
830 2837 1000 2912 rogitantes,

127 2941 281 3010 postquam
303 2934 487 3002 audiverant,
507 2943 623 2994 ‘earum
634 2935 765 3010 gentium
780 2937 885 3010 legatis
901 2937 932 2994 id
950 2938 1001 2994 bo·

159 3109 282 3159 Advertere
290 3109 394 3169 quosdam
414 3110 586 3170 maneamne]
619 3110 735 3157 Armenios
744 3118 767 3156 et
778 3111 879 3166 Partbos,
898 3110 1001 3158 sedentes
1068 3149 1073 3158 .

126 3169 150 3220 in
171 3171 262 3224 Senatu,
283 3169 315 3214 uti
335 3169 450 3227 eleganter
470 3170 587 3216 Suetonius
607 3168 712 3230 loquitur.
744 3171 835 3216 Morem
854 3173 928 3214 autern
949 3183 999 3214 eum
1090 3205 1091 3208 ,

123 3227 198 3282 tuoe,
208 3234 231 3273 et
249 3229 307 3274 buno
318 3229 423 3274 bonorem
436 3229 491 3275 bene
511 3228 596 3274 meritis
615 3229 686 3283 sociis,
699 3229 768 3276 didici
779 3243 792 3274 e
803 3227 898 3274 lustioo:
914 3228 952 3287 qui
970 3231 1000 3272 de

127 3286 306 3334 Massiliensibus
316 3289 351 3340 43,
362 3291 383 3333 5.
396 3287 430 3334 Ob
439 3288 496 3347 prod
514 3287 619 3334 meritum
638 3291 657 3332 et
668 3287 799 3334 immunitus
812 3285 860 3333 iltis
869 3286 968 3340 'decreta
980 3291 1000 3331 et

126 3347 188 3392 loeus
196 3347 370 3414 spectaculorum
378 3347 405 3394 ιἰι
414 3347 497 3394 Senatu
508 3347 582 3398 dotus,
615 3347 670 3392 ltern
684 3345 787 3406 losepbo,
797 3345 836 3406 qui
845 3346 960 3392 decretum
970 3345 996 3392 C.

128 3404 232 3456 Caesaris
241 3410 266 3455 et
275 3405 369 3455 Senatus
378 3405 458 3453 recitat
474 3419 515 3472 pro
525 3405 611 3456 ludaeis
624 3409 658 3462 rt,
671 3407 705 3462 ru,
715 3408 736 3451 o.
