2164 3846
89 145 163 212 204
414 163 599 212 anuinium
819 169 852 216 Α.
870 168 901 218 ν.
915 173 966 220 rsa.

88 338 174 396 quana
189 323 380 393 praesentem,
396 319 506 394 scripto
526 322 613 402 adire.
628 321 691 378 eins
705 320 774 380 talis
787 323 881 382 torma
893 325 966 382 luit:

89 421 328 478 ‘Benevolentia
349 421 437 494 patris
457 422 592 494 Augusti,
613 427 642 478 et
664 439 734 480 mox
758 423 891 496 plurimis
912 425 964 482 'Pi-

89 521 180 578 ‘berii
204 519 319 578 iudiciis
345 519 385 576 ita
414 519 587 588 insuevisse,
615 528 646 578 ut
670 541 737 594 spes
760 529 889 597 votaque
912 541 965 581 sua

90 627 169 704 ‘nnn
189 620 266 694 prius
286 621 322 676 ad
345 621 435 688 Deos,
450 639 535 696 quarn
554 622 590 678 ad
614 621 784 694 Principum
798 641 884 678 sures
897 641 966 682 con·

89 719 201 776 ‘terret
237 709 347 794 ‘Neque
374 720 513 794 fulgorem
543 722 685 779 honorum
713 740 842 796 unquam
866 741 965 794 preca·

89 825 183 877 ‘turm
212 819 353 876 excubias
368 838 403 876 ac
423 822 545 888 labores,
566 828 597 878 ut
611 840 699 878 unum
713 841 730 877 e
746 824 900 891 militibus,
916 841 964 897 pro

89 927 309 985 ‘incolumitate
337 927 522 998 Imperatoris
554 929 650 984 malle.
704 927 860 995 Attamen,
888 929 965 1002 quod

88 1027 342 1100 ‘pulcherrimum
364 1027 562 1098 adeptum,·nt
588 1025 798 1083 coniunctione
825 1028 963 1086 Caesaris

89 1127 212 1201 ‘stignus
226 1128 400 1184 crederetur.
421 1126 489 1182 hinc
511 1125 633 1182 initium'
646 1125 718 1198 spei.
759 1127 809 1192 Et,
824 1128 963 1201 quoniam

89 1227 265 1294 ‘audiverit
286 1227 458 1300 Augustum,
481 1224 511 1282 in
528 1226 711 1282 conlocanda
733 1225 803 1292 filia,
827 1226 964 1284 nonnihil

88 1327 194 1384 ‘etiam
213 1327 250 1382 sle
270 1324 424 1398 Equitibus
445 1325 586 1382 Romanis
606 1325 843 1382 consultavisse:
865 1327 918 1392 its,
937 1326 963 1383 si

86 1425 222 1482 ‘maritus
248 1423 354 1482 Liviae
369 1431 563 1497 quaereretur,
582 1425 702 1480 haberet
723 1424 753 1480 in
775 1423 877 1480 animo
892 1425 963 1482 anri·

87 1529 183 1590 ‘cum,
203 1525 265 1580 sols
286 1523 512 1580 necessitudinis
536 1523 628 1597 gloria
652 1541 777 1580 usurum.
799 1541 860 1582 non
882 1525 962 1582 enim

86 1629 213 1682 ‘exuere
240 1621 377 1693 imposita
406 1625 526 1680 munia:
559 1623 630 1680 satis
659 1623 823 1690 aestimare,
853 1624 964 1682 tirrneri

84 1723 220 1796 ‘domum
243 1722 397 1803 adversum
422 1722 536 1797 iniquas
563 1723 744 1796 Agrippinae
764 1723 962 1793 offensionem

84 1823 189 1898 ‘idque
210 1823 364 1880 liberorum
378 1839 489 1880 caussa.
512 1840 579 1879 narn
598 1822 654 1879 sint
674 1824 794 1880 inultum
813 1841 960 1898 superque

31 1915 72 1974 40
84 1931 91 1957 ‘
105 1923 185 1981 vitae
196 1924 265 1990 lore,
279 1923 354 1997 quod
370 1922 421 1980 teli
435 1939 502 1980 cunr
517 1921 654 1994 Principe
665 1919 881 1995 explevisset'·
909 1922 961 1980 Ad

83 2043 119 2083 ea
134 2025 282 2092 Tiberius,
304 2025 420 2080 laudata
444 2022 553 2096 pietate
574 2022 686 2086 Seiani,
706 2022 821 2094 suisque
840 2021 873 2078 in
890 2039 960 2080 eum

82 2124 234 2184 beneficiis
253 2123 369 2182 modice
385 2123 545 2195 percursis,
568 2138 635 2178 curn
661 2128 783 2194 tempus,
809 2127 959 2194 tamquam

83 2229 120 2284 nd
157 2225 299 2301 integram
328 2222 582 2288 consultationem,
611 2219 781 2294 petivisset,
801 2221 959 2278 adiunxit:

83 2325 216 2384 ‘Ceteris
239 2323 406 2382 mortalibus
434 2321 464 2378 in
492 2337 529 2392 eo
555 2327 632 2386 stare
657 2319 790 2386 consilia,
809 2321 878 2393 quis
899 2319 959 2378 sibi

83 2427 265 2484 ‘conducere
293 2427 413 2496 putent:
444 2419 613 2494 Principum
640 2421 786 2478 diversam
812 2437 878 2476 esse
901 2437 959 2477 sor·

83 2529 177 2594 ‘tem;
205 2523 307 2597 quibus
322 2521 478 2594 prraecipua
498 2538 592 2578 rerum
611 2521 648 2576 ast
669 2519 775 2578 lamam
790 2519 956 2592 dirigenda.

82 2623 168 2680 ‘iden
195 2640 226 2678 se
254 2639 313 2678 non
340 2620 410 2678 illuo
430 2623 592 2689 decurrere,
620 2620 696 2694 quod
712 2627 889 2694 ‚promptum
915 2636 957 2676 re·

80 2782 180 2847 papates.
195 2797 227 2842 μη
242 2795 391 2847 mgrpuuees.
424 2777 490 2828 Quod
505 2775 584 2822 reterri
595 2789 638 2822 non
648 2773 691 2822 nisi
701 2773 730 2820 ad
748 2772 830 2820 amieos
850 2787 955 2832 praesen-

81 2854 115 2893 tes
125 2859 196 2906 posse,
206 2845 289 2890 clarum
300 2846 342 2886 est,
376 2843 395 2888 Τ
397 2841 457 2886 enuit
477 2839 590 2898 coluitque
606 2837 709 2883 eumdem
727 2849 812 2882 morem
823 2843 953 2892 Augustus,

80 2909 117 2968 qui
127 2917 234 2952 sermones
244 2917 294 2947 cum
304 2901 409 2958 singulis,
419 2904 482 2957 atque
492 2898 558 2956 etiam
568 2911 619 2944 cum
635 2895 703 2942 Livia
713 2909 761 2948 suo,
774 2893 897 2952 grauiores,
908 2909 955 2942 non

79 2966 127 3012 nisi
136 2961 256 3019 inscriptis
265 2970 285 3008 et
294 2975 304 3006 e
314 2961 387 3006 libello
396 2958 486 3004 taletas
491 2973 501 3013 ;
516 2971 544 3002 ue
550 2958 603 3012 ptus
611 2956 712 3002 minusue
722 2955 857 3012 loqueretur.
890 2955 954 3002 Suet.

80 3027 115 3072 84.
148 3023 202 3078 Lim
232 3029 260 3064 'r

109 3087 194 3149 ueteres
212 3097 351 3156 mortalibus]
398 3095 443 3140 Vix
463 3094 533 3147 abest,
556 3093 609 3154 quin
630 3093 658 3138 ad
679 3091 810 3138 Sallustium
821 3091 953 3154 respexerit,

79 3176 144 3222 quem
156 3174 199 3205 non
211 3159 264 3214 legit
279 3158 350 3201 solum
361 3155 445 3206 sedrrlo,
457 3153 496 3197 sed
513 3152 616 3207 sublegit.
648 3151 708 3198 Nam
727 3153 785 3211 apud
797 3167 848 3197 eum
869 3153 954 3196 Caesar

78 3221 127 3278 pari
138 3219 248 3264 sententia
257 3215 346 3260 disserit
357 3212 379 3256 in
390 3213 440 3256 Cat.
460 3214 495 3256 tvl.
528 3211 588 3255 Aliis
598 3211 643 3256 alin
655 3211 747 3256 licentia
768 3215 806 3263 ert,
817 3210 847 3256 P.
868 3211 894 3256 C.
914 3210 956 3268 pur'

77 3279 168 3323 demissi
176 3277 203 3322 r'rs
220 3276 309 3321 obscuro
325 3271 394 3316 ultum
410 3269 522 3325 egueram*
537 3269 592 3326 qnid
608 3270 728 3315 iracundia
746 3269 868 3328 deliquere,
885 3269 955 3324 pauci

77 3337 165 3381 stiunt:
173 3336 241 3390 firmo
250 3337 313 3390 utque
321 3329 421 3386 fortunii
432 3341 508 3371 aurum
526 3341 590 3381 parer
608 3333 666 3372 sunt.
698 3329 747 3380 Qui
756 3343 836 3385 magno
856 3327 953 3384 imperio

76 3395 183 3446 praediti,
193 3395 220 3437 s'n
230 3391 311 3436 excelso
320 3391 409 3431 aetatem
420 3389 498 3440 egunt.
508 3384 652 3440 cirrumfactu
664 3389 739 3434 cuncis
749 3387 851 3434 mortales
861 3401 952 3434 novere.

78 3449 113 3494 lta
124 3453 150 3498 tn
160 3449 359 3506 muniunfortunu
368 3444 463 3490 minima
471 3443 562 3488 licentio
572 3447 615 3518 ert.¹
642 3444 705 3500 Lips.
