2134 3826
104 240 176 292 uc.
194 243 233 292 rs
302 235 390 290 'urm
417 244 440 290 1.
492 241 573 290 our.
599 221 657 290 24.
682 223 741 290 25.
761 221 820 292 26.
937 221 985 292 ut

104 401 206 474 globos
234 403 413 456 armatorum
439 397 530 456 eertis
572 403 729 456 uestrorum
755 399 830 458 loeis
861 397 988 473 opperiri

106 499 230 557 iubent:
266 497 361 556 ceteri
388 497 516 555 tribuum
539 497 654 573 ingenti
677 499 794 572 agmine
825 497 987 558 eireumve·

104 598 199 658 siunt.
266 599 373 656 Stubet
406 598 528 664 Drusus,
558 598 708 656 sitentium
735 615 823 656 meuu
853 615 987 672 ροιοουι.

105 698 158 762 itti,
178 697 317 774 quotiens
330 699 432 755 oeulos
452 699 489 754 ed
514 697 729 756 multitudinem
752 700 921 766 retuterunt,
937 715 987 756 vo

107 787 188 856 nibus
220 797 396 856 truculentis
423 803 572 870 strepere;
602 815 724 860 rursum,
754 798 820 856 vieo
848 797 987 873 Comere,

106 899 274 971 trepidare:
296 914 425 955 murmur
450 897 612 954 incertum:
633 904 717 954 atrox
747 899 868 966 utemur,
895 903 926 956 et
945 915 988 957 re·

108 1003 196 1073 pente
216 1000 325 1074 quies*
346 997 472 1054 diversis
499 997 661 1055 animorum
681 995 816 1061 motibus,
837 1001 987 1072 pavebunt

108 1099 323 1172 terrebuntque.
380 1097 527 1163 Tandem,
554 1097 717 1170 interrupto
744 1099 878 1165 tumultu,
908 1097 985 1156 litte·

108 1213 153 1254 res
174 1197 265 1270 petris
287 1196 402 1262 recitat,
422 1196 453 1253 in
474 1197 538 1270 qut·
559 1197 749 1270 perscriptum
770 1203 850 1282 eret:
878 1197 984 1257 ‘Prae-

107 1295 242 1370 ‘uipuem
264 1296 322 1368 iusi
343 1295 561 1353 touissimarum
588 1296 735 1370 legionum
750 1313 858 1366 eurem,
871 1298 985 1374 quibus·

106 1401 191 1454 ‘eum
206 1395 334 1468 piurima
349 1397 426 1451 betto
441 1396 643 1452 toteravisset:
664 1396 714 1453 ubi
728 1395 852 1470 primum
871 1399 983 1456 eluutu

106 1497 287 1570 ‘requiesset
302 1495 425 1563 enimus,
440 1500 571 1552 ueturum
592 1495 669 1568 apud
690 1495 792 1554 Patres
805 1498 842 1554 de
859 1500 984 1570 postule·

106 1596 162 1652 ‘tis
176 1611 300 1652 eorum:
324 1594 437 1650 misisse
459 1594 576 1651 interim
601 1595 701 1664 titium,
723 1601 754 1653 ut
776 1596 840 1654 sine
862 1601 983 1656 ennete·

106 1695 203 1752 ‘tione
217 1695 409 1760 concederet,
423 1711 496 1768 quse
511 1693 609 1752 stetim
624 1695 710 1752 tribui
726 1701 862 1768 possent:
882 1702 983 1754 uetere

106 1795 249 1853 ‘Senatui
270 1795 426 1860 servande,
446 1810 532 1868 quem
547 1811 640 1868 neque
659 1793 769 1868 gratiae
791 1813 885 1870 neque
899 1813 982 1852 seve,

108 1896 221 1953 ‘ritutie
242 1899 396 1966 expertem
417 1893 517 1950 baberi
538 1911 589 1966 pur
602 1891 699 1950 esset?
739 1895 921 1968 Responsum
936 1897 1034 1956 estut

107 1994 306 2058 eoonoione,
339 1994 497 2049 ‘manuus
532 1991 682 2051 clementi
700 1993 879 2061 eenturioni,
906 2011 981 2068 quoe

110 2090 290 2166 ‘perterret'
331 2091 361 2148 is
384 2091 494 2149 orditur
517 2093 572 2148 ‘de
597 2091 734 2150 missione
758 2092 981 2150 aeedeoimuu·

108 2194 191 2251 ‘uist
212 2195 251 2250 de
266 2190 403 2265 praemiis
417 2189 516 2248 finitae
545 2191 686 2249 miiitiae:
708 2196 740 2248 ut
753 2190 888 2248 «tenerius
906 2193 981 2249 diur-

108 2297 198 2352 ⁸num
226 2291 405 2364 stipendium
424 2290 526 2348 iorett
558 2307 596 2347 ne
620 2290 756 2348 veterani
789 2291 843 2346 sub
867 2290 981 2348 vexillo

109 2387 324 2450 ‘haberentur’
366 2391 413 2448 Ad
432 2407 468 2447 ee
498 2391 609 2447 Drusus
636 2407 703 2447 eum
718 2388 868 2448 arbitrium
891 2390 981 2447 Sene·

29 2493 32 2498 ’
93 2473 152 2550 ’tus
175 2479 207 2548 et
236 2489 327 2564 putris
350 2491 531 2556 obtenderet,
564 2492 692 2546 elamore
722 2493 871 2548 turbetur:
903 2489 981 2547 ‘Cur

105 2591 269 2656 ‘venissen
294 2607 388 2664 neque
402 2589 543 2663 eugendi·
565 2589 688 2646 miiitum
702 2589 865 2662 stipendiis,
887 2607 980 2664 neque

106 2689 297 2748 ‘edievundis
324 2688 479 2755 tuberibus,
506 2689 632 2762 denique
665 2691 745 2747 nullo
776 2687 980 2750 benefaciendi
1014 2764 1019 2777 Ι

107 2789 246 2848 ‘tinentia
258 2786 271 2846 i
281 2793 321 2844 ut
340 2788 459 2844 heroule
485 2789 606 2844 verbera
620 2794 651 2846 et
665 2807 768 2848 neeem
789 2793 905 2848 eunetis
919 2809 980 2864 per·

107 2889 212 2946 ‘mitti
256 2887 411 2944 Tiberium
434 2887 505 2944 oiim
533 2887 652 2946 nornine
682 2891 807 2963 Augusti
835 2891 981 2948 desiderio

107 2989 277 3062 ‘legionum
303 2986 430 3044 frustrari
453 2987 588 3044 solitum:
610 2989 728 3048 eusdem
751 3001 828 3046 artes
840 3049 842 3052 ,
853 2993 981 3048 Drusum

108 3087 272 3144 'retulisse
294 3103 488 3159 numquamne
509 3088 545 3142 erl
568 3105 601 3143 ee
624 3087 682 3144 nisi
706 3089 782 3144 titios
807 3089 983 3143 familiarum

108 3182 294 3242 ‘venturosi
324 3201 433 3240 novum
461 3183 491 3240 id
516 3186 612 3255 piene,
638 3187 715 3258 quod
743 3185 900 3254 imperator
922 3185 987 3236 soto

109 3284 227 3341 ‘militie
249 3283 404 3338 commoda
428 3283 464 3337 ad
488 3281 629 3337 Senatum
653 3281 779 3336 reiiuiat.
801 3275 929 3333 eundem
945 3291 988 3326 er.

108 3389 162 3458 ‘rgo
184 3383 330 3438 Senatum
358 3379 580 3456 consulendum,
607 3377 742 3449 quotiens
763 3369 909 3441 supplicis
940 3367 990 3418 aut

110 3481 240 3558 ‘proelis
254 3479 434 3538 indicuntur.
455 3494 494 3533 un
514 3474 644 3548 proemio
664 3474 718 3528 sub
731 3463 868 3522 dominis,
881 3469 991 3528 poenus
