2172 3842
17 221 18 232 ¹
100 205 148 262 xit
425 199 648 260 Pnsnsatlo.

99 358 232 446 potitus,
255 376 368 444 pacem
384 377 551 442 moresque
567 359 691 436 intulit3
717 366 750 422 et
766 359 847 424 inter
863 367 973 426 cetera

99 465 222 550 imperii
252 464 366 540 munia,
397 463 503 528 literas
534 475 682 550 artesque
713 469 889 559 amplexus,
916 489 971 532 eas

99 571 299 660 providentie
314 581 347 634 et
362 572 549 634 liberalitate
565 573 691 636 relovit.
739 574 776 638 lu
792 575 851 638 hac
868 595 972 640 renas·

99 679 200 744 centis
217 679 320 743 Urbis
337 678 573 760 tranquillitate,
587 678 723 742 Tacitus
739 701 869 766 operam
880 681 973 745 dedit

100 785 309 868 eloquentiae,
333 784 424 868 cujus
448 791 483 847 ut
506 785 585 848 inter
609 777 783 872 temporum
808 787 908 850 tristia
931 787 970 852 ad
1068 795 1069 800 ’

99 891 302 976 praesidium,
319 890 366 954 sic
384 891 463 954 inter
486 891 568 954 laeta
582 892 622 954 ad
646 893 810 956 decussis
827 893 970 978 plurima.

101 996 225 1060 Gnarus
248 1004 353 1060 autem
375 1007 529 1086 oratorem
556 999 665 1062 melius
689 1000 854 1084 exemplis,
878 1021 972 1082 quam

100 1107 292 1191 praeceptis,
309 1105 439 1184 institui,
460 1105 507 1168 M.
523 1105 647 1191 Aprum
664 1113 695 1168 et
712 1105 733 1169 J
737 1107 833 1170 ulium
851 1105 972 1170 Secun-

101 1213 187 1288 dum,
211 1212 417 1276 celeberrima
439 1220 504 1276 tum
529 1213 588 1277 sori
619 1213 752 1295 ingenia,
776 1213 861 1276 domi
884 1221 916 1276 et
940 1213 971 1276 in

100 1319 230 1406 publico
245 1319 427 1381 adsectatus
443 1325 515 1382 est-¹

143 1425 198 1488 Ad
224 1425 278 1488 bas
303 1425 477 1487 studiorum
501 1445 592 1487 curas
616 1445 690 1487 saue
715 1445 882 1487 accessere
903 1443 972 1487 cas·

100 1531 216 1594 trensia
239 1530 406 1616 stipendia.
454 1529 492 1592 ld
516 1530 597 1592 enim
623 1531 706 1616 apud
731 1529 892 1594 Romanos
915 1549 973 1616 op·

101 1636 174 1700 time
192 1637 378 1711 institutum,
401 1645 432 1699 ut
444 1637 584 1719 juvenis,
602 1637 700 1700 literis
717 1637 865 1712 imbutus,
883 1657 973 1699 suam

100 1743 130 1806 iu
147 1744 259 1805 castris
276 1743 459 1806 industriam
477 1729 689 1827 adprobaret:
717 1744 763 1805 sic
781 1742 860 1804 civis
878 1762 972 1818 uuus,

100 1849 154 1913 vix
174 1849 378 1932 juventutem
401 1849 573 1931 ingressus,
597 1849 636 1910 ad
660 1849 761 1910 omnia
777 1847 974 1932 reipublicae

100 1956 204 2018 munia
222 1955 457 2036 accingebatur.
505 1953 653 2030 Tacitus,
677 1953 714 2016 iis
738 1963 865 2039 paratus
882 1973 974 2017 exer-

100 2061 195 2138 citiis,
207 2083 308 2145 eaque
319 2067 432 2137 aetate,
446 2083 507 2144 qua
517 2061 555 2123 ad
569 2062 704 2124 honores
716 2061 843 2146 patebat
856 2061 975 2138 aditus,

100 2167 334 2254 Vespasianum
351 2168 516 2232 inchoatae
540 2188 615 2229 suae
631 2167 791 2249 diguitatis
808 2175 974 2230 auctorem

99 2274 233 2348 babuit.²
266 2275 288 2338 J
292 2275 396 2350 uveni,
414 2275 467 2358 qui
484 2275 513 2336 in
530 2273 686 2356 egregiam
704 2294 792 2359 spem
810 2274 974 2336 adolesce-

99 2379 164 2458 bat,
188 2381 280 2444 filiam
299 2400 390 2462 ¹suam
415 2381 585 2465 despondit
610 2380 728 2444 Oneius
752 2379 858 2442 Julius
876 2379 973 2460 Agri-

82 2485 179 2558 cola,
211 2485 320 2546 consul
359 2504 438 2545 anno
476 2482 577 2546 Urbis
617 2483 763 2546 conditae
794 2501 972 2558 ccccxxx,

100 2612 137 2652 ac
165 2598 238 2674 post
265 2589 461 2652 consulatum
492 2589 684 2651 collocavit.a
728 2587 840 2652 Soceri
868 2588 972 2652 decus

99 2717 216 2778 genero
246 2715 362 2760 novum
400 2695 458 2756 fuit
496 2693 691 2756 claritudinis
727 2695 971 2778 adjumentum3
1008 2685 1013 2694 ’

99 2802 234 2886 ejusque
251 2801 432 2882 dignitatem
449 2799 535 2862 auxit
552 2799 674 2862 Titus.⁴

142 2909 273 2972 Interim
296 2907 371 2970 nihil
397 2907 436 2969 de
464 2906 576 2970 studiis
601 2929 617 2970 a
641 2907 759 2970 Tacito
783 2909 970 2972 remissum:

94 3017 193 3079 immo
216 3013 245 3078 in
269 3023 415 3078 eatauto
439 3016 542 3078 acrius
566 3015 736 3091 serebatur,
762 3015 845 3097 quod
870 3035 904 3076 se
928 3015 972 3076 ad

100 3143 219 3186 srrmma
241 3121 379 3205 genitum
404 3122 661 3208 persentisceret,
688 3129 721 3184 et
744 3121 773 3184 in
797 3122 864 3183 foro
888 3141 972 3202 mag-

99 3251 172 3294 num
200 3250 312 3292 nomen
343 3230 490 3294 audentia
515 3239 547 3294 et
573 3232 692 3317 impetu
720 3229 848 3304 certius,
876 3248 971 3310 quam

128 3402 136 3436 ¹
149 3401 224 3449 Tacit.
236 3401 326 3461 DIalog.
336 3402 364 3448 de
374 3402 438 3448 Orat.
451 3415 500 3462 cap.
512 3405 534 3449 2.
702 3397 800 3446 ¹Tacit.
812 3396 872 3444 Hist.
886 3397 904 3448 l,
917 3397 937 3442 l.

133 3483 140 3496 ⁸
151 3482 225 3531 Tacit.
237 3481 286 3532 vit.
297 3481 397 3542 Agricol.
409 3496 459 3543 cap.
470 3485 491 3529 9.
705 3477 716 3511 ⁴
726 3476 799 3524 Tacit.
811 3475 871 3524 Hist.
884 3475 902 3535 l,
915 3478 935 3522 t.
