2134 3826
110 230 239 280 acra
330 228 402 277 nra.
431 228 470 274 ιι.
520 225 598 274 cnr.
625 203 794 276 ot.-63.
914 205 986 274 toa

113 387 174 443 tum
190 381 416 456 Elephantinen
429 399 465 440 ac
476 383 611 456 Syenen,
631 384 757 440 claustra
770 380 841 438 otim
861 379 988 479 Romaqi

113 483 251 556 imperiir
279 483 355 556 quod
371 497 449 538 nunc
463 483 577 538 rubrum
591 483 627 538 ad
642 499 721 538 mare
735 479 869 554 patescit.

154 583 237 639 Dum
258 599 295 638 ea
316 587 412 638 aestas
433 579 612 637 Germanico
632 581 728 654 piures
749 597 801 652 per
821 576 988 651 provincias
1001 579 1042 640 62

115 679 296 754 transigitur,
313 667 397 735 'haud
423 681 489 734 lere
508 680 598 736 decus
620 679 731 735 Drusus
752 677 908 751 quaesivit,
924 675 991 733 inli-

116 777 200 836 ciens
214 777 382 835 Germanos
396 778 433 834 ad
447 777 625 846 discordias3
648 783 735 850 utque
749 775 842 832 tracto
856 775 914 831 iam
929 773 992 832 Ma·

118 877 249 934 roboduo
268 893 359 950 usque
383 876 414 932 in
438 875 563 932 exitium
591 855 781 932 insisteretur.
822 875 894 931 Erat
914 873 992 931 ihter

119 973 253 1032 Gotones
267 973 374 1031 nobilis
398 974 521 1043 iuvenis,
541 975 662 1031 nomine
677 973 831 1040 Catualda,
858 973 992 1046 prologus

118 1073 189 1131 oiim
205 1074 238 1129 vi
253 1073 437 1138 Marobodui,
456 1080 485 1130 et
506 1081 585 1140 tuoe,
606 1073 701 1130 dubiis
724 1073 808 1129 rebus
823 1073 894 1140 eius,
909 1073 992 1130 ultio·
1012 1105 1015 1110 ·

116 1189 295 1230 nemausus.
340 1173 370 1228 ls
395 1173 494 1229 valida
517 1189 603 1229 manu
623 1173 696 1229 lines
718 1171 994 1230 Marcomannorum

117 1269 290 1346 ingreditur,
316 1272 512 1345 corruptisque
548 1271 719 1342 primoribus
747 1271 783 1326 ad
811 1271 993 1355 societatem,

117 1367 260 1442 inrumpit
283 1348 394 1442 ingiam
419 1371 629 1444 castellumque
654 1369 736 1426 iuxta
757 1369 853 1426 situm.
877 1376 991 1427 veteres

118 1466 182 1524 iilic
198 1469 363 1524 Suevorum
384 1469 517 1540 praedae,
537 1475 567 1524 ct
589 1467 693 1524 nostris
706 1485 723 1524 e
738 1468 897 1541 provinciis
913 1469 992 1526 lixae
1033 1466 1037 1473 '

118 1581 155 1624 ac
181 1567 379 1638 negotiatores
403 1568 529 1638 reperti3
562 1561 632 1640 quos
655 1567 698 1623 ius
722 1567 901 1636 commercii,
921 1569 992 1626 dein

120 1665 230 1737 cupido
243 1661 371 1737 augendi
391 1663 554 1736 pecuniam,
569 1671 742 1737 postremum
755 1667 867 1723 oblivio
881 1667 991 1740 patriae

119 1763 179 1821 suis
190 1779 334 1837 quemque
345 1765 381 1819 ab
395 1763 511 1819 sedibus
527 1763 662 1820 hostilem
677 1763 707 1820 in
722 1781 820 1839 agrum
835 1765 991 1822 transtulit.

63 1915 73 1946 ‚
116 1861 300 1920 Maroboduo
327 1862 454 1935 undique
481 1862 598 1918 deserto
627 1879 685 1919 non
713 1864 791 1919 aliud
819 1864 990 1930 subsidium,
1004 1868 1046 1928 63

120 1977 207 2036 quam
228 1959 427 2017 misericordia
447 1959 591 2026 Caesaris,
611 1961 665 2018 luit
686 1965 877 2036 transgressus
893 1963 993 2019 Danu-

110 2049 212 2127 bium,
240 2077 297 2134 qua
325 2051 465 2116 Noricam
498 2061 680 2131 prouinciam
707 2061 849 2135 praefluit,
876 2061 993 2134 scripsit

122 2157 258 2226 Tiberio,
273 2175 331 2214 non
345 2165 377 2214 ut
391 2157 525 2230 profugus
546 2165 595 2214 aut
614 2161 747 2232 supplex,
767 2159 818 2214 sed
833 2177 869 2216 ex
886 2175 992 2216 memo·

120 2257 164 2316 ria
179 2255 283 2329 prioris
290 2235 440 2313 'tortuosas
479 2253 578 2313 ‘Nam
592 2258 689 2313 multis
704 2255 881 2324 nationibus,
895 2255 993 2313 claris·

119 2357 245 2413 ‘simum
257 2357 401 2430 quondam
414 2353 527 2428 Regem
541 2357 577 2411 ad
591 2373 623 2412 se
636 2353 819 2420 vocantibus,
830 2355 993 2440 Romanam

119 2454 301 2512 ‘amicitiam
316 2453 505 2528 praetulisse?
546 2455 729 2527 Responsum
743 2471 760 2511 a
775 2454 912 2522 Caesare,
933 2461 993 2514 ‘tu-

120 2559 203 2610 ‘tam
217 2554 247 2609 ei
260 2553 486 2629 honoratamque
500 2555 601 2611 sedem
621 2553 652 2610 in
674 2554 761 2610 ltalia
774 2554 844 2620 lore,
857 2554 883 2611 si
896 2573 993 2614 mane·

122 2653 205 2710 tres:
227 2651 273 2708 sin
288 2655 372 2708 rebus
386 2653 448 2709 eius
470 2653 548 2709 aliurl
562 2653 748 2718 conduceret,
769 2653 911 2713 abiturum
926 2655 993 2723 fide,

121 2756 199 2825 ‘qua
227 2737 379 2807 venisset?
412 2757 542 2808 osterum
576 2752 653 2823 apud
682 2751 822 2809 Senatum
849 2747 993 2822 disseruit,

121 2855 201 2906 ‘non
230 2847 398 2922 Philippum
427 2849 668 2932 Atheniensibus,
691 2867 750 2906 nun
779 2851 920 2925 Pyrrhum
943 2856 993 2908 aut

122 2947 338 3014 ‘Antiochum
371 2947 485 3021 Populo
513 2948 647 3004 Romano
674 2947 793 3022 perinde
822 2951 992 3008 metuendos

121 3043 248 3103 ‘luisse'
290 3045 379 3102 Extat
395 3045 499 3111 oratio,
512 3063 568 3120 qua
589 3047 835 3121 ‘magnitudinem
852 3048 917 3116 viri,
932 3050 992 3106 vio-

121 3143 266 3202 ‘lentiam
277 3144 471 3202 subiectarum
485 3145 512 3201 ei
527 3144 667 3217 gentium,
681 3153 710 3202 et
722 3159 806 3218 quarn
818 3147 992 3219 propinquus

123 3244 252 3302 ‘ltaliae
282 3243 384 3312 hostis,
411 3261 518 3318 suaque
545 3243 576 3300 in
598 3244 774 3300 destruendo
800 3259 837 3298 eo
860 3242 992 3298 consitib’

121 3341 241 3400 extulit.
284 3341 323 3398 Et
342 3341 537 3399 Maroboduus
556 3341 671 3422 quidem
692 3341 853 3396 Ravennae
869 3335 993 3398 habitus,

120 3429 291 3515 siquando
318 3442 528 3503 inwlescsrcnt
557 3437 659 3506 Saevi,
686 3433 769 3509 quasi
794 3429 935 3486 rediturus
962 3427 993 3482 in

164 3556 239 3598 von.
263 3556 285 3596 ι.
564 3537 602 3587 10
698 3581 700 3586 -
